
@article{smith2018_ContinuingMisuseNull,
  title = {The Continuing Misuse of Null Hypothesis Significance Testing in Biological Anthropology},
  volume = {166},
  issn = {00029483},
  language = {en},
  number = {1},
  journal = {American Journal of Physical Anthropology},
  doi = {10.1002/ajpa.23399},
  author = {Smith, Richard J.},
  year = {2018},
  pages = {236-245}
}

@book{berry2014_ChroniclePermutationStatistical,
  address = {{Cham}},
  title = {A {{Chronicle}} of {{Permutation Statistical Methods}}},
  isbn = {978-3-319-02743-2 978-3-319-02744-9},
  language = {en},
  publisher = {{Springer International Publishing}},
  author = {Berry, Kenneth J. and Johnston, Janis E. and Mielke, Paul W.},
  year = {2014},
  doi = {10.1007/978-3-319-02744-9}
}

@article{nikita2015_CriticalReviewMean,
  title = {A Critical Review of the Mean Measure of Divergence and {{Mahalanobis}} Distances Using Artificial Data and New Approaches to the Estimation of Biodistances Employing Nonmetric Traits: {{Assessing Biodistances For Nonmetric Traits}}},
  volume = {157},
  issn = {00029483},
  shorttitle = {A Critical Review of the Mean Measure of Divergence and {{Mahalanobis}} Distances Using Artificial Data and New Approaches to the Estimation of Biodistances Employing Nonmetric Traits},
  language = {en},
  number = {2},
  journal = {American Journal of Physical Anthropology},
  doi = {10.1002/ajpa.22708},
  author = {Nikita, Efthymia},
  year = {2015},
  pages = {284-294}
}

@article{sutter2004_NonmetricCranialTrait,
  title = {Nonmetric Cranial Trait Variation and Prehistoric Biocultural Change in the {{Azapa Valley}}, {{Chile}}},
  volume = {123},
  issn = {0002-9483, 1096-8644},
  language = {en},
  number = {2},
  journal = {American Journal of Physical Anthropology},
  doi = {10.1002/ajpa.10311},
  author = {Sutter, Richard C. and Mertz, Lisa},
  year = {2004},
  pages = {130-145}
}

@article{soltysiak2011_TechnicalNoteScript,
  title = {Technical {{Note}}: {{An R}} Script for {{Smith}}'s {{Mean Measure}} of {{Divergence}}},
  volume = {5},
  language = {en},
  journal = {Bioarchaeology of the Near East},
  author = {Soltysiak, Arkadiusz},
  year = {2011},
  pages = {41-44}
}

@article{irish2006_WhoWereAncient,
  title = {Who Were the Ancient {{Egyptians}}? {{Dental}} Affinities among {{Neolithic}} through Postdynastic Peoples},
  volume = {129},
  issn = {0002-9483, 1096-8644},
  shorttitle = {Who Were the Ancient {{Egyptians}}?},
  language = {en},
  number = {4},
  journal = {American Journal of Physical Anthropology},
  doi = {10.1002/ajpa.20261},
  author = {Irish, Joel D.},
  year = {2006},
  pages = {529-543}
}

@article{irish2010_MeanMeasureDivergence,
  title = {The Mean Measure of Divergence: {{Its}} Utility in Model-Free and Model-Bound Analyses Relative to the {{Mahalanobis}} {{{\emph{D}}}} {\textsuperscript{2}} Distance for Nonmetric Traits},
  volume = {22},
  issn = {10420533},
  shorttitle = {The Mean Measure of Divergence},
  language = {en},
  number = {3},
  journal = {American Journal of Human Biology},
  doi = {10.1002/ajhb.21010},
  author = {Irish, Joel D.},
  year = {2010},
  pages = {378-395}
}

@article{hanihara2003_CharacterizationBiologicalDiversity,
  title = {Characterization of Biological Diversity through Analysis of Discrete Cranial Traits},
  volume = {121},
  issn = {0002-9483, 1096-8644},
  language = {en},
  number = {3},
  journal = {American Journal of Physical Anthropology},
  doi = {10.1002/ajpa.10233},
  author = {Hanihara, Tsunehiko and Ishida, Hajime and Dodo, Yukio},
  year = {2003},
  pages = {241-251}
}

@article{green1979_StatisticalTreatmentCorrelated,
  title = {The Statistical Treatment of Correlated Bilateral Traits in the Analysis of Cranial Material},
  volume = {50},
  issn = {0002-9483, 1096-8644},
  language = {en},
  number = {4},
  journal = {American Journal of Physical Anthropology},
  doi = {10.1002/ajpa.1330500414},
  author = {Green, Richard F. and Suchey, Judy Myers and Gokhale, D. V.},
  year = {1979},
  pages = {629-634}
}

@book{drennan1996_StatisticsArchaeologists,
  address = {{Boston, MA}},
  series = {Interdisciplinary {{Contributions}} to {{Archaeology}}},
  title = {Statistics for {{Archaeologists}}},
  isbn = {978-0-306-45326-7 978-1-4899-0165-1},
  publisher = {{Springer US}},
  author = {Drennan, Robert D.},
  editor = {Jochim, Michael},
  year = {1996},
  doi = {10.1007/978-1-4899-0165-1}
}

@book{agresti2002_CategoricalDataAnalysis,
  address = {{New York}},
  edition = {2nd ed},
  series = {Wiley Series in Probability and Statistics},
  title = {Categorical Data Analysis},
  isbn = {978-0-471-36093-3},
  lccn = {QA278 .A353 2002},
  language = {en},
  publisher = {{Wiley-Interscience}},
  author = {Agresti, Alan},
  year = {2002}
}

@article{gunther2010_NeuralnetTrainingNeural,
  title = {Neuralnet: {{Training}} of {{Neural Networks}}},
  volume = {2},
  issn = {2073-4859},
  shorttitle = {Neuralnet},
  language = {en},
  number = {1},
  journal = {The R Journal},
  doi = {10.32614/RJ-2010-006},
  author = {G{\"u}nther, Frauke and Fritsch, Stefan},
  year = {2010},
  pages = {30}
}

@book{ciaburro2017_NeuralNetworks,
  title = {Neural {{Networks}} with {{R}}},
  isbn = {978-1-78839-787-2},
  publisher = {{Packt Publishing}},
  author = {Ciaburro, Giuseppe and Venkateswaran, Balaji},
  year = {2017}
}

@article{hoenig2001_AbusePowerPervasive,
  title = {The {{Abuse}} of {{Power}}: {{The Pervasive Fallacy}} of {{Power Calculations}} for {{Data Analysis}}},
  volume = {55},
  issn = {0003-1305, 1537-2731},
  shorttitle = {The {{Abuse}} of {{Power}}},
  language = {en},
  number = {1},
  journal = {The American Statistician},
  doi = {10.1198/000313001300339897},
  author = {Hoenig, John M and Heisey, Dennis M},
  year = {2001},
  pages = {19-24}
}

@article{urzel2013_DentalAgeAssessment,
  title = {Dental {{Age Assessment}} in {{Children}}: {{A Comparison}} of {{Four Methods}} in a {{Recent French Population}}},
  volume = {58},
  issn = {00221198},
  shorttitle = {Dental {{Age Assessment}} in {{Children}}},
  language = {en},
  number = {5},
  journal = {Journal of Forensic Sciences},
  doi = {10.1111/1556-4029.12221},
  author = {Urzel, Vanessa and Bruzek, Jaroslav},
  year = {2013},
  pages = {1341-1347}
}

@article{gelman2006_DifferenceSignificantNot,
  title = {The {{Difference Between}} ``{{Significant}}'' and ``{{Not Significant}}'' Is Not {{Itself Statistically Significant}}},
  volume = {60},
  issn = {0003-1305, 1537-2731},
  language = {en},
  number = {4},
  journal = {The American Statistician},
  doi = {10.1198/000313006X152649},
  author = {Gelman, Andrew and Stern, Hal},
  year = {2006},
  pages = {328-331}
}

@article{hirk_MvordPackageFitting,
  title = {Mvord: {{An R Package}} for {{Fitting Multivariate Ordinal Regression Models}}},
  language = {en},
  author = {Hirk, Rainer and Hornik, Kurt and Vana, Laura},
  pages = {47}
}

@article{fraley2002_ModelBasedClusteringDiscriminant,
  title = {Model-{{Based Clustering}}, {{Discriminant Analysis}}, and {{Density Estimation}}},
  volume = {97},
  issn = {0162-1459, 1537-274X},
  language = {en},
  number = {458},
  journal = {Journal of the American Statistical Association},
  doi = {10.1198/016214502760047131},
  author = {Fraley, Chris and Raftery, Adrian E},
  year = {2002},
  pages = {611-631}
}

@article{scrucca2016_MclustClusteringClassification,
  title = {Mclust 5: {{Clustering}}, {{Classification}} and {{Density Estimation Using Gaussian Finite Mixture Models}}},
  volume = {8},
  issn = {2073-4859},
  shorttitle = {Mclust 5},
  language = {en},
  number = {1},
  journal = {The R Journal},
  doi = {10.32614/RJ-2016-021},
  author = {Scrucca, Luca and Fop, Michael and Murphy, Brendan, T. and Raftery, E., Adrian},
  year = {2016},
  pages = {289}
}

@article{martin2019_BiologicalAnthropology2018,
  title = {Biological {{Anthropology}} in 2018: {{Grounded}} in {{Theory}}, {{Questioning Contexts}}, {{Embracing Innovation}}},
  volume = {121},
  copyright = {\textcopyright{} 2019 by the American Anthropological Association},
  issn = {1548-1433},
  shorttitle = {Biological {{Anthropology}} in 2018},
  language = {en},
  number = {2},
  journal = {American Anthropologist},
  doi = {10.1111/aman.13233},
  author = {Martin, Melanie Ann},
  year = {2019},
  pages = {417-430}
}

@article{santos2018_AnthropMMDPackageGraphical,
  title = {{{AnthropMMD}}: {{An R}} Package with a Graphical User Interface for the Mean Measure of Divergence},
  volume = {165},
  issn = {00029483},
  shorttitle = {{{AnthropMMD}}},
  language = {en},
  number = {1},
  journal = {American Journal of Physical Anthropology},
  doi = {10.1002/ajpa.23336},
  author = {Santos, Fr{\'e}d{\'e}ric},
  year = {2018},
  pages = {200-205}
}

@article{rindskopf1986_ValueLatentClass,
  title = {The Value of Latent Class Analysis in Medical Diagnosis},
  volume = {5},
  copyright = {Copyright \textcopyright{} 1986 John Wiley \& Sons, Ltd.},
  issn = {1097-0258},
  language = {en},
  number = {1},
  journal = {Statistics in Medicine},
  doi = {10.1002/sim.4780050105},
  author = {Rindskopf, David and Rindskopf, Wallace},
  year = {1986},
  pages = {21-27}
}

@incollection{oberski2016_MixtureModelsLatent,
  address = {{Cham}},
  series = {Human\textendash{{Computer Interaction Series}}},
  title = {Mixture {{Models}}: {{Latent Profile}} and {{Latent Class Analysis}}},
  isbn = {978-3-319-26633-6},
  shorttitle = {Mixture {{Models}}},
  language = {en},
  booktitle = {Modern {{Statistical Methods}} for {{HCI}}},
  publisher = {{Springer International Publishing}},
  author = {Oberski, Daniel},
  editor = {Robertson, Judy and Kaptein, Maurits},
  year = {2016},
  pages = {275-287},
  doi = {10.1007/978-3-319-26633-6_12}
}

@book{bartholomew2011_LatentVariableModels,
  address = {{Chichester, West Sussex}},
  edition = {3rd ed},
  series = {Wiley Series in Probability and Statistics},
  title = {Latent Variable Models and Factor Analysis: A Unified Approach},
  isbn = {978-0-470-97192-5 978-1-119-97059-0 978-1-119-97058-3 978-1-119-97370-6 978-1-119-97371-3},
  lccn = {QA278.6 .B37 2011},
  shorttitle = {Latent Variable Models and Factor Analysis},
  publisher = {{Wiley}},
  author = {Bartholomew, David J. and Knott, M. and Moustaki, Irini},
  year = {2011},
  note = {OCLC: ocn710044915}
}

@book{biemer2011_LatentClassAnalysis,
  address = {{Hoboken, N.J}},
  series = {Wiley Series in Survey Methodology},
  title = {Latent Class Analysis of Survey Error},
  isbn = {978-0-470-28907-5 978-0-470-89115-5 978-0-470-89114-8},
  lccn = {QA275 .B47 2011},
  language = {en},
  publisher = {{Wiley}},
  author = {Biemer, Paul P.},
  year = {2011}
}

@book{collins2010_LatentClassLatent,
  address = {{Hoboken, N.J}},
  series = {Wiley Series in Probability and Statistics},
  title = {Latent Class and Latent Transition Analysis: With Applications in the Social Behavioral, and Health Sciences},
  isbn = {978-0-470-22839-5},
  lccn = {QA278.6 .C65 2010},
  shorttitle = {Latent Class and Latent Transition Analysis},
  language = {en},
  publisher = {{Wiley}},
  author = {Collins, Linda M. and Lanza, Stephanie T.},
  year = {2010},
  note = {OCLC: ocn401168852}
}

@article{passalacqua2013_SexDeterminationHuman,
  title = {Sex Determination of Human Skeletal Populations Using Latent Profile Analysis: {{Sex Determination}} of {{Human Skeletal Populations}}},
  volume = {151},
  issn = {00029483},
  shorttitle = {Sex Determination of Human Skeletal Populations Using Latent Profile Analysis},
  language = {en},
  number = {4},
  journal = {American Journal of Physical Anthropology},
  doi = {10.1002/ajpa.22295},
  author = {Passalacqua, Nicholas V. and Zhang, Zhen and Pierce, Steven J.},
  year = {2013},
  pages = {538-543}
}

@article{esan2017_DemirjianWillemsMethod,
  title = {The {{Demirjian}} versus the {{Willems}} Method for Dental Age Estimation in Different Populations: {{A}} Meta-Analysis of Published Studies},
  volume = {12},
  issn = {1932-6203},
  shorttitle = {The {{Demirjian}} versus the {{Willems}} Method for Dental Age Estimation in Different Populations},
  language = {en},
  number = {11},
  journal = {PLOS ONE},
  doi = {10.1371/journal.pone.0186682},
  author = {Esan, Temitope Ayodeji and Yengopal, Veerasamy and Schepartz, Lynne A.},
  editor = {Cray, James J.},
  year = {2017},
  pages = {e0186682}
}

@article{nikita2018_QuantitativeApproachSex,
  title = {A Quantitative Approach for Sex Estimation Based on Cranial Morphology},
  volume = {165},
  issn = {00029483},
  language = {en},
  number = {3},
  journal = {American Journal of Physical Anthropology},
  doi = {10.1002/ajpa.23376},
  author = {Nikita, Efthymia and Michopoulou, Efrossyni},
  year = {2018},
  pages = {507-517}
}

@article{nikita2019_QuantitativeSexEstimation,
  title = {Quantitative {{Sex Estimation Based}} on {{Cranial Traits Using R Functions}}},
  volume = {64},
  issn = {00221198},
  language = {en},
  number = {1},
  journal = {Journal of Forensic Sciences},
  doi = {10.1111/1556-4029.13833},
  author = {Nikita, Efthymia},
  year = {2019},
  pages = {175-180}
}

@article{auerbach2006_LimbBoneBilateral,
  title = {Limb Bone Bilateral Asymmetry: Variability and Commonality among Modern Humans},
  volume = {50},
  issn = {00472484},
  shorttitle = {Limb Bone Bilateral Asymmetry},
  language = {en},
  number = {2},
  journal = {Journal of Human Evolution},
  doi = {10.1016/j.jhevol.2005.09.004},
  author = {Auerbach, Benjamin M. and Ruff, Christopher B.},
  year = {2006},
  pages = {203-218}
}

@article{santos_DiaphysatorOnlineApplication,
  title = {Diaphysator: {{An}} Online Application for the Exhaustive Cartography and User-Friendly Statistical Analysis of Long Bone Diaphyses},
  volume = {0},
  issn = {1096-8644},
  shorttitle = {Diaphysator},
  language = {en},
  number = {0},
  journal = {American Journal of Physical Anthropology},
  doi = {10.1002/ajpa.23835},
  author = {Santos, Fr{\'e}d{\'e}ric and Jeanson, Aliz{\'e} Lacoste}
}

@article{fisher1936_UseMultipleMeasurements,
  title = {The {{Use}} of {{Multiple Measurements}} in {{Taxonomic Problems}}},
  volume = {7},
  copyright = {1936 Blackwell Publishing Ltd/University College London},
  issn = {2050-1439},
  language = {en},
  number = {2},
  journal = {Annals of Eugenics},
  doi = {10.1111/j.1469-1809.1936.tb02137.x},
  author = {Fisher, R. A.},
  year = {1936},
  pages = {179-188}
}

@incollection{2012_DiscriminantAnalysisDescription,
  title = {Discriminant {{Analysis}}: {{Description}} of {{Group Separation}}},
  isbn = {978-1-118-39168-6},
  shorttitle = {Discriminant {{Analysis}}},
  language = {en},
  booktitle = {Methods of {{Multivariate Analysis}}},
  publisher = {{John Wiley \& Sons, Ltd}},
  year = {2012},
  pages = {281-308},
  doi = {10.1002/9781118391686.ch8}
}

@article{dongen2019_MultiplePerspectivesInference,
  title = {Multiple {{Perspectives}} on {{Inference}} for {{Two Simple Statistical Scenarios}}},
  volume = {73},
  issn = {0003-1305},
  number = {sup1},
  journal = {The American Statistician},
  doi = {10.1080/00031305.2019.1565553},
  author = {van Dongen, Noah N. N. and van Doorn, Johnny B. and Gronau, Quentin F. and van Ravenzwaaij, Don and Hoekstra, Rink and Haucke, Matthias N. and Lakens, Daniel and Hennig, Christian and Morey, Richard D. and Homer, Saskia and Gelman, Andrew and Sprenger, Jan and Wagenmakers, Eric-Jan},
  year = {2019},
  pages = {328-339}
}

@article{trafimow2019_FiveNonobviousChanges,
  title = {Five {{Nonobvious Changes}} in {{Editorial Practice}} for {{Editors}} and {{Reviewers}} to {{Consider When Evaluating Submissions}} in a {{Post}} p {$<$} 0.05 {{Universe}}},
  volume = {73},
  issn = {0003-1305},
  number = {sup1},
  journal = {The American Statistician},
  doi = {10.1080/00031305.2018.1537888},
  author = {Trafimow, David},
  year = {2019},
  pages = {340-345}
}

@article{hurlbert2019_CoupGraceTough,
  title = {Coup de {{Gr{\^a}ce}} for a {{Tough Old Bull}}: ``{{Statistically Significant}}'' {{Expires}}},
  volume = {73},
  issn = {0003-1305},
  shorttitle = {Coup de {{Gr{\^a}ce}} for a {{Tough Old Bull}}},
  number = {sup1},
  journal = {The American Statistician},
  doi = {10.1080/00031305.2018.1543616},
  author = {Hurlbert, Stuart H. and Levine, Richard A. and Utts, Jessica},
  year = {2019},
  pages = {352-357}
}

@article{calin-jageman2019_NewStatisticsBetter,
  title = {The {{New Statistics}} for {{Better Science}}: {{Ask How Much}}, {{How Uncertain}}, and {{What Else Is Known}}},
  volume = {73},
  issn = {0003-1305},
  shorttitle = {The {{New Statistics}} for {{Better Science}}},
  number = {sup1},
  journal = {The American Statistician},
  doi = {10.1080/00031305.2018.1518266},
  author = {{Calin-Jageman}, Robert J. and Cumming, Geoff},
  year = {2019},
  pages = {271-280}
}

@article{amrhein2019_InferentialStatisticsDescriptive,
  title = {Inferential {{Statistics}} as {{Descriptive Statistics}}: {{There Is No Replication Crisis}} If {{We Don}}'t {{Expect Replication}}},
  volume = {73},
  issn = {0003-1305},
  shorttitle = {Inferential {{Statistics}} as {{Descriptive Statistics}}},
  number = {sup1},
  journal = {The American Statistician},
  doi = {10.1080/00031305.2018.1543137},
  author = {Amrhein, Valentin and Trafimow, David and Greenland, Sander},
  year = {2019},
  pages = {262-270}
}

@article{tong2019_StatisticalInferenceEnables,
  title = {Statistical {{Inference Enables Bad Science}}; {{Statistical Thinking Enables Good Science}}},
  volume = {73},
  issn = {0003-1305},
  number = {sup1},
  journal = {The American Statistician},
  doi = {10.1080/00031305.2018.1518264},
  author = {Tong, Christopher},
  year = {2019},
  pages = {246-261}
}

@article{mcshane2019_AbandonStatisticalSignificance,
  title = {Abandon {{Statistical Significance}}},
  volume = {73},
  issn = {0003-1305},
  number = {sup1},
  journal = {The American Statistician},
  doi = {10.1080/00031305.2018.1527253},
  author = {McShane, Blakeley B. and Gal, David and Gelman, Andrew and Robert, Christian and Tackett, Jennifer L.},
  year = {2019},
  pages = {235-245}
}

@article{matthews2019_MovingPost05,
  title = {Moving {{Towards}} the {{Post}} p {$<$} 0.05 {{Era}} via the {{Analysis}} of {{Credibility}}},
  volume = {73},
  issn = {0003-1305},
  number = {sup1},
  journal = {The American Statistician},
  doi = {10.1080/00031305.2018.1543136},
  author = {Matthews, Robert A. J.},
  year = {2019},
  pages = {202-212}
}

@article{colquhoun2019_FalsePositiveRisk,
  title = {The {{False Positive Risk}}: {{A Proposal Concerning What}} to {{Do About}} p-{{Values}}},
  volume = {73},
  issn = {0003-1305},
  shorttitle = {The {{False Positive Risk}}},
  number = {sup1},
  journal = {The American Statistician},
  doi = {10.1080/00031305.2018.1529622},
  author = {Colquhoun, David},
  year = {2019},
  pages = {192-201}
}

@article{benjamin2019_ThreeRecommendationsImproving,
  title = {Three {{Recommendations}} for {{Improving}} the {{Use}} of P-{{Values}}},
  volume = {73},
  issn = {0003-1305},
  number = {sup1},
  journal = {The American Statistician},
  doi = {10.1080/00031305.2018.1543135},
  author = {Benjamin, Daniel J. and Berger, James O.},
  year = {2019},
  pages = {186-191}
}

@article{goodman2019_ProposedHybridEffect,
  title = {A {{Proposed Hybrid Effect Size Plus}} P-{{Value Criterion}}: {{Empirical Evidence Supporting}} Its {{Use}}},
  volume = {73},
  issn = {0003-1305},
  shorttitle = {A {{Proposed Hybrid Effect Size Plus}} P-{{Value Criterion}}},
  number = {sup1},
  journal = {The American Statistician},
  doi = {10.1080/00031305.2018.1564697},
  author = {Goodman, William M. and Spruill, Susan E. and Komaroff, Eugene},
  year = {2019},
  pages = {168-185}
}

@article{blume2019_IntroductionSecondGenerationPValues,
  title = {An {{Introduction}} to {{Second}}-{{Generation}} p-{{Values}}},
  volume = {73},
  issn = {0003-1305},
  number = {sup1},
  journal = {The American Statistician},
  doi = {10.1080/00031305.2018.1537893},
  author = {Blume, Jeffrey D. and Greevy, Robert A. and Welty, Valerie F. and Smith, Jeffrey R. and Dupont, William D.},
  year = {2019},
  pages = {157-167}
}

@article{rose2019_LimitationsPValuesRsquared,
  title = {Limitations of {{P}}-{{Values}} and {{R}}-Squared for {{Stepwise Regression Building}}: {{A Fairness Demonstration}} in {{Health Policy Risk Adjustment}}},
  volume = {73},
  issn = {0003-1305},
  shorttitle = {Limitations of {{P}}-{{Values}} and {{R}}-Squared for {{Stepwise Regression Building}}},
  number = {sup1},
  journal = {The American Statistician},
  doi = {10.1080/00031305.2018.1518269},
  author = {Rose, Sherri and McGuire, Thomas G.},
  year = {2019},
  pages = {152-156}
}

@article{fraser2019_PvalueFunctionStatistical,
  title = {The P-Value {{Function}} and {{Statistical Inference}}},
  volume = {73},
  issn = {0003-1305},
  number = {sup1},
  journal = {The American Statistician},
  doi = {10.1080/00031305.2018.1556735},
  author = {Fraser, D. A. S.},
  year = {2019},
  pages = {135-147}
}

@article{johnson2019_EvidenceMarginallySignificant,
  title = {Evidence {{From Marginally Significant}} t {{Statistics}}},
  volume = {73},
  issn = {0003-1305},
  number = {sup1},
  journal = {The American Statistician},
  doi = {10.1080/00031305.2018.1518788},
  author = {Johnson, Valen E.},
  year = {2019},
  pages = {129-134}
}

@article{krueger2019_PuttingPValueIts,
  title = {Putting the {{P}}-{{Value}} in Its {{Place}}},
  volume = {73},
  issn = {0003-1305},
  number = {sup1},
  journal = {The American Statistician},
  doi = {10.1080/00031305.2018.1470033},
  author = {Krueger, Joachim I. and Heck, Patrick R.},
  year = {2019},
  pages = {122-128}
}

@article{anderson2019_AssessingStatisticalResults,
  title = {Assessing {{Statistical Results}}: {{Magnitude}}, {{Precision}}, and {{Model Uncertainty}}},
  volume = {73},
  issn = {0003-1305},
  shorttitle = {Assessing {{Statistical Results}}},
  number = {sup1},
  journal = {The American Statistician},
  doi = {10.1080/00031305.2018.1537889},
  author = {Anderson, Andrew A.},
  year = {2019},
  pages = {118-121}
}

@article{betensky2019_ValueRequiresContext,
  title = {The {\emph{p}} -{{Value Requires Context}}, {{Not}} a {{Threshold}}},
  volume = {73},
  issn = {0003-1305, 1537-2731},
  language = {en},
  number = {sup1},
  journal = {The American Statistician},
  doi = {10.1080/00031305.2018.1529624},
  author = {Betensky, Rebecca A.},
  year = {2019},
  pages = {115-117}
}

@article{greenland2019_ValidValuesBehave,
  title = {Valid {{{\emph{P}}}} -{{Values Behave Exactly}} as {{They Should}}: {{Some Misleading Criticisms}} of {{{\emph{P}}}} -{{Values}} and {{Their Resolution With}} {{{\emph{S}}}} -{{Values}}},
  volume = {73},
  issn = {0003-1305, 1537-2731},
  shorttitle = {Valid {{{\emph{P}}}} -{{Values Behave Exactly}} as {{They Should}}},
  language = {en},
  number = {sup1},
  journal = {The American Statistician},
  doi = {10.1080/00031305.2018.1529625},
  author = {Greenland, Sander},
  year = {2019},
  pages = {106-114}
}

@article{hubbard2019_LimitedRoleFormal,
  title = {The {{Limited Role}} of {{Formal Statistical Inference}} in {{Scientific Inference}}},
  volume = {73},
  issn = {0003-1305, 1537-2731},
  language = {en},
  number = {sup1},
  journal = {The American Statistician},
  doi = {10.1080/00031305.2018.1464947},
  author = {Hubbard, Raymond and Haig, Brian D. and Parsa, Rahul A.},
  year = {2019},
  pages = {91-98}
}

@article{kennedy-shaffer2019_0505Using,
  title = {Before {\emph{p}} {$<$} 0.05 to {{Beyond}} {\emph{p}} {$<$} 0.05: {{Using History}} to {{Contextualize}} {\emph{p}} -{{Values}} and {{Significance Testing}}},
  volume = {73},
  issn = {0003-1305, 1537-2731},
  shorttitle = {Before {\emph{p}} {$<$} 0.05 to {{Beyond}} {\emph{p}} {$<$} 0.05},
  language = {en},
  number = {sup1},
  journal = {The American Statistician},
  doi = {10.1080/00031305.2018.1537891},
  author = {{Kennedy-Shaffer}, Lee},
  year = {2019},
  pages = {82-90}
}

@article{ohagan2019_ExpertKnowledgeElicitation,
  title = {Expert {{Knowledge Elicitation}}: {{Subjective}} but {{Scientific}}},
  volume = {73},
  issn = {0003-1305, 1537-2731},
  shorttitle = {Expert {{Knowledge Elicitation}}},
  language = {en},
  number = {sup1},
  journal = {The American Statistician},
  doi = {10.1080/00031305.2018.1518265},
  author = {O'Hagan, Anthony},
  year = {2019},
  pages = {69-81}
}

@article{brownstein2019_RoleExpertJudgment,
  title = {The {{Role}} of {{Expert Judgment}} in {{Statistical Inference}} and {{Evidence}}-{{Based Decision}}-{{Making}}},
  volume = {73},
  issn = {0003-1305, 1537-2731},
  language = {en},
  number = {sup1},
  journal = {The American Statistician},
  doi = {10.1080/00031305.2018.1529623},
  author = {Brownstein, Naomi C. and Louis, Thomas A. and O'Hagan, Anthony and Pendergast, Jane},
  year = {2019},
  pages = {56-68}
}

@article{hubbard2019_QualityControlScientific,
  title = {Quality {{Control}} for {{Scientific Research}}: {{Addressing Reproducibility}}, {{Responsiveness}}, and {{Relevance}}},
  volume = {73},
  issn = {0003-1305, 1537-2731},
  shorttitle = {Quality {{Control}} for {{Scientific Research}}},
  language = {en},
  number = {sup1},
  journal = {The American Statistician},
  doi = {10.1080/00031305.2018.1543138},
  author = {Hubbard, Douglas W. and Carriquiry, Alicia L.},
  year = {2019},
  pages = {46-55}
}

@article{kmetz2019_CorrectingCorruptResearch,
  title = {Correcting {{Corrupt Research}}: {{Recommendations}} for the {{Profession}} to {{Stop Misuse}} of {\emph{p}} -{{Values}}},
  volume = {73},
  issn = {0003-1305, 1537-2731},
  shorttitle = {Correcting {{Corrupt Research}}},
  language = {en},
  number = {sup1},
  journal = {The American Statistician},
  doi = {10.1080/00031305.2018.1518271},
  author = {Kmetz, John L.},
  year = {2019},
  pages = {36-45}
}

@article{hubbard2019_WillASAEfforts,
  title = {Will the {{ASA}}'s {{Efforts}} to {{Improve Statistical Practice}} Be {{Successful}}? {{Some Evidence}} to the {{Contrary}}},
  volume = {73},
  issn = {0003-1305, 1537-2731},
  shorttitle = {Will the {{ASA}}'s {{Efforts}} to {{Improve Statistical Practice}} Be {{Successful}}?},
  language = {en},
  number = {sup1},
  journal = {The American Statistician},
  doi = {10.1080/00031305.2018.1497540},
  author = {Hubbard, Raymond},
  year = {2019},
  pages = {31-35}
}

@article{goodman2019_WhyGettingRid,
  title = {Why Is {{Getting Rid}} of {{{\emph{P}}}} -{{Values So Hard}}? {{Musings}} on {{Science}} and {{Statistics}}},
  volume = {73},
  issn = {0003-1305, 1537-2731},
  shorttitle = {Why Is {{Getting Rid}} of {{{\emph{P}}}} -{{Values So Hard}}?},
  language = {en},
  number = {sup1},
  journal = {The American Statistician},
  doi = {10.1080/00031305.2018.1558111},
  author = {Goodman, Steven N.},
  year = {2019},
  pages = {26-30}
}

@article{ioannidis2019_WhatHaveWe,
  title = {What {{Have We}} ({{Not}}) {{Learnt}} from {{Millions}} of {{Scientific Papers}} with {{{\emph{P}}}} {{Values}}?},
  volume = {73},
  issn = {0003-1305, 1537-2731},
  language = {en},
  number = {sup1},
  journal = {The American Statistician},
  doi = {10.1080/00031305.2018.1447512},
  author = {Ioannidis, John P. A.},
  year = {2019},
  pages = {20-25}
}

@article{wasserstein2019_MovingWorld05,
  title = {Moving to a {{World Beyond}} `` {\emph{p}} {$<$} 0.05''},
  volume = {73},
  issn = {0003-1305, 1537-2731},
  language = {en},
  number = {sup1},
  journal = {The American Statistician},
  doi = {10.1080/00031305.2019.1583913},
  author = {Wasserstein, Ronald L. and Schirm, Allen L. and Lazar, Nicole A.},
  year = {2019},
  pages = {1-19}
}

@article{fliss2019_CTBasedSex,
  title = {{{CT}}-based Sex Estimation on Human Femora Using Statistical Shape Modeling},
  issn = {0002-9483, 1096-8644},
  language = {en},
  journal = {American Journal of Physical Anthropology},
  doi = {10.1002/ajpa.23828},
  author = {Fliss, Barbara and Luethi, Marcel and Fuernstahl, Philipp and Christensen, Angi M. and Sibold, Ken and Thali, Michael and Ebert, Lars C.},
  year = {2019}
}

@article{cumming2014_NewStatisticsWhy,
  title = {The {{New Statistics}}: {{Why}} and {{How}}},
  volume = {25},
  issn = {0956-7976, 1467-9280},
  shorttitle = {The {{New Statistics}}},
  language = {en},
  number = {1},
  journal = {Psychological Science},
  doi = {10.1177/0956797613504966},
  author = {Cumming, Geoff},
  year = {2014},
  pages = {7-29}
}

@article{2019_ItTimeTalk,
  title = {It's Time to Talk about Ditching Statistical Significance},
  volume = {567},
  copyright = {2019 Nature},
  language = {EN},
  journal = {Nature},
  doi = {10.1038/d41586-019-00874-8},
  year = {2019},
  pages = {283}
}

@phdthesis{legarde2012_AsymmetryHumerusInfluence,
  type = {Master of {{Arts}} ({{MA}})},
  title = {Asymmetry of the Humerus: {{The}} Influence of Handedness on the Deltoid Tuberosity and Possible Implications for Osteometric Sorting},
  language = {en},
  school = {University of Montana},
  author = {LeGarde, Carrie Brady},
  year = {2012}
}

@article{byrd2003_OsteometricSortingCommingled,
  title = {Osteometric {{Sorting}} of {{Commingled Human Remains}}},
  volume = {48},
  issn = {00221198},
  language = {en},
  number = {4},
  journal = {Journal of Forensic Sciences},
  doi = {10.1520/JFS2002189},
  author = {Byrd, John E. and Adams, Bradley J.},
  year = {2003},
  pages = {2002189}
}

@book{nikita2017_OsteoarchaeologyGuideMacroscopic,
  address = {{Amsterdam}},
  title = {Osteoarchaeology: A Guide to the Macroscopic Study of Human Skeletal Remains},
  isbn = {978-0-12-804021-8},
  lccn = {CC79.5.H85 N55 2017},
  shorttitle = {Osteoarchaeology},
  publisher = {{Elsevier/Academic Press}},
  author = {Nikita, Efthymia},
  year = {2017},
  note = {OCLC: ocn959034578}
}

@article{bruzek2017_ValidationReliabilitySex,
  title = {Validation and Reliability of the Sex Estimation of the Human Os Coxae Using Freely Available {{DSP2}} Software for Bioarchaeology and Forensic Anthropology: {{BR{\r{U}}{\v Z}EK}} et Al.},
  volume = {164},
  issn = {00029483},
  shorttitle = {Validation and Reliability of the Sex Estimation of the Human Os Coxae Using Freely Available {{DSP2}} Software for Bioarchaeology and Forensic Anthropology},
  language = {en},
  number = {2},
  journal = {American Journal of Physical Anthropology},
  doi = {10.1002/ajpa.23282},
  author = {Br{\r{u}}{\v z}ek, Jaroslav and Santos, Fr{\'e}d{\'e}ric and Dutailly, Bruno and Murail, Pascal and Cunha, Eugenia},
  year = {2017},
  pages = {440-449}
}

@article{baker1957_UseBoneWeight,
  title = {The Use of Bone Weight for Human Identification},
  volume = {15},
  issn = {0002-9483, 1096-8644},
  language = {en},
  number = {4},
  journal = {American Journal of Physical Anthropology},
  doi = {10.1002/ajpa.1330150410},
  author = {Baker, Paul T. and Newman, Russell W.},
  year = {1957},
  pages = {601-618}
}

@article{bruzek2002_MethodVisualDetermination,
  title = {A Method for Visual Determination of Sex, Using the Human Hip Bone},
  volume = {117},
  issn = {0002-9483, 1096-8644},
  language = {en},
  number = {2},
  journal = {American Journal of Physical Anthropology},
  doi = {10.1002/ajpa.10012},
  author = {Bruzek, Jaroslav},
  year = {2002},
  pages = {157-168}
}

@book{martin1928_LehrbuchAnthropologieSystematischer,
  address = {{Jena}},
  title = {{Lehrbuch der anthropologie in systematischer darstellung mit besonderer ber{\"u}cksichtigung der anthropologischen methoden f{\"u}r studierende {\"a}rtze und forschungsreisende,}},
  language = {German},
  publisher = {{G. Fischer}},
  author = {Martin, Rudolf},
  year = {1928},
  note = {OCLC: 671867}
}

@misc{jantz2000_DatabaseForensicAnthropology,
  title = {Database for {{Forensic Anthropology}} in the {{United States}}, 1962-1991: {{Version}} 1},
  shorttitle = {Database for {{Forensic Anthropology}} in the {{United States}}, 1962-1991},
  publisher = {{Inter-university Consortium for Political and Social Research}},
  author = {Jantz, Richard J. and {Moore-Jansen}, Peer H.},
  year = {2000},
  doi = {10.3886/ICPSR02581.v1}
}

@article{youden1950_IndexRatingDiagnostic,
  title = {Index for Rating Diagnostic Tests},
  volume = {3},
  issn = {0008-543X, 1097-0142},
  language = {en},
  number = {1},
  journal = {Cancer},
  doi = {10.1002/1097-0142(1950)3:1<32::AID-CNCR2820030106>3.0.CO;2-3},
  author = {Youden, W. J.},
  year = {1950},
  pages = {32-35}
}

@article{freeman2012_EvaluatingEffectivenessDownsampling,
  title = {Evaluating Effectiveness of Down-Sampling for Stratified Designs and Unbalanced Prevalence in {{Random Forest}} Models of Tree Species Distributions in {{Nevada}}},
  volume = {233},
  issn = {03043800},
  language = {en},
  journal = {Ecological Modelling},
  doi = {10.1016/j.ecolmodel.2012.03.007},
  author = {Freeman, Elizabeth A. and Moisen, Gretchen G. and Frescino, Tracey S.},
  year = {2012},
  pages = {1-10}
}

@article{fawcett2006_IntroductionROCAnalysis,
  title = {An Introduction to {{ROC}} Analysis},
  volume = {27},
  issn = {01678655},
  language = {en},
  number = {8},
  journal = {Pattern Recognition Letters},
  doi = {10.1016/j.patrec.2005.10.010},
  author = {Fawcett, Tom},
  year = {2006},
  pages = {861-874}
}

@article{villenamota1996_FiabiliteLiaisonsOsteologiques,
  title = {{De la fiabilit{\'e} des liaisons ost{\'e}ologiques}},
  volume = {8},
  issn = {0037-8984},
  language = {fr},
  number = {3},
  journal = {Bulletins et M{\'e}moires de la Soci{\'e}t{\'e} d'anthropologie de Paris},
  doi = {10.3406/bmsap.1996.2455},
  author = {Villena Mota, Nuria and Duday, Henri and Hou{\"e}t, Francis},
  year = {1996},
  pages = {373-384}
}

@article{breiman2001_RandomForests,
  title = {Random {{Forests}}},
  volume = {45},
  issn = {1573-0565},
  language = {en},
  number = {1},
  journal = {Machine Learning},
  doi = {10.1023/A:1010933404324},
  author = {Breiman, Leo},
  year = {2001},
  pages = {5-32}
}

@article{auerbach2004_HumanBodyMass,
  title = {Human Body Mass Estimation: {{A}} Comparison of Morphometric and Mechanical Methods},
  volume = {125},
  issn = {0002-9483, 1096-8644},
  shorttitle = {Human Body Mass Estimation},
  language = {en},
  number = {4},
  journal = {American Journal of Physical Anthropology},
  doi = {10.1002/ajpa.20032},
  author = {Auerbach, Benjamin M. and Ruff, Christopher B.},
  year = {2004},
  pages = {331-342}
}

@article{anastopoulou2019_ReliableRegressionBasedApproach,
  title = {A {{Reliable Regression}}-{{Based Approach}} for {{Reassociating Human Skeletal Elements}} of the {{Lower Limbs}} from {{Commingled Assemblages}}},
  volume = {64},
  issn = {00221198},
  language = {en},
  number = {2},
  journal = {Journal of Forensic Sciences},
  doi = {10.1111/1556-4029.13884},
  author = {Anastopoulou, Ioanna and Karakostis, Fotios A. and Moraitis, Konstantinos},
  year = {2019},
  pages = {502-506}
}

@article{henderson2017_NewCoimbraMethod,
  title = {The New {{Coimbra}} Method for Recording Entheseal Changes and the Effect of Age-at-Death},
  volume = {29},
  issn = {0037-8984, 1777-5469},
  language = {en},
  number = {3-4},
  journal = {BMSAP},
  doi = {10.1007/s13219-017-0185-x},
  author = {Henderson, C. Y. and Mariotti, V. and Santos, F. and Villotte, S. and Wilczak, C. A.},
  year = {2017},
  pages = {140-149}
}

@article{corron2017_UsingClassificationsIdentify,
  title = {Using Classifications to Identify Pathological and Taphonomic Modifications on Ancient Bones: {{Do}} ``Taphognomonic'' Criteria Exist?},
  volume = {29},
  issn = {0037-8984, 1777-5469},
  shorttitle = {Using Classifications to Identify Pathological and Taphonomic Modifications on Ancient Bones},
  language = {en},
  number = {1-2},
  journal = {BMSAP},
  doi = {10.1007/s13219-016-0176-3},
  author = {Corron, L. and Huchet, J. -B. and Santos, F. and Dutour, O.},
  year = {2017},
  pages = {1-18}
}

@article{lacostejeanson2017_BodyMassEstimation,
  title = {Body Mass Estimation from the Skeleton: {{An}} Evaluation of 11 Methods},
  volume = {281},
  issn = {03790738},
  shorttitle = {Body Mass Estimation from the Skeleton},
  language = {en},
  journal = {Forensic Science International},
  doi = {10.1016/j.forsciint.2017.10.026},
  author = {Lacoste Jeanson, Aliz{\'e} and Santos, Fr{\'e}d{\'e}ric and Villa, Chiara and Dupej, J{\'a}n and Lynnerup, Niels and Br{\r{u}}{\v z}ek, Jaroslav},
  year = {2017},
  pages = {183.e1-183.e8}
}

@article{lefebvre2016_NonDestructiveMethodDistinguishing,
  title = {A {{Non}}-{{Destructive Method}} for {{Distinguishing Reindeer Antler}} ({{Rangifer}} Tarandus) from {{Red Deer Antler}} ({{Cervus}} Elaphus) {{Using X}}-{{Ray Micro}}-{{Tomography Coupled}} with {{SVM Classifiers}}},
  volume = {11},
  issn = {1932-6203},
  language = {en},
  number = {2},
  journal = {PLOS ONE},
  doi = {10.1371/journal.pone.0149658},
  author = {Lefebvre, Alexandre and Rochefort, Gael Y. and Santos, Fr{\'e}d{\'e}ric and Le Denmat, Dominique and Salmon, Benjamin and P{\'e}tillon, Jean-Marc},
  editor = {Bondioli, Luca},
  year = {2016},
  pages = {e0149658}
}

@article{jaubert2016_EarlyNeanderthalConstructions,
  title = {Early {{Neanderthal}} Constructions Deep in {{Bruniquel Cave}} in Southwestern {{France}}},
  volume = {534},
  issn = {0028-0836, 1476-4687},
  language = {en},
  number = {7605},
  journal = {Nature},
  doi = {10.1038/nature18291},
  author = {Jaubert, Jacques and Verheyden, Sophie and Genty, Dominique and Soulier, Michel and Cheng, Hai and Blamart, Dominique and Burlet, Christian and Camus, Hubert and Delaby, Serge and Deldicque, Damien and Edwards, R. Lawrence and Ferrier, Catherine and {Lacrampe-Cuyaub{\`e}re}, Fran{\c c}ois and L{\'e}v{\^e}que, Fran{\c c}ois and Maksud, Fr{\'e}d{\'e}ric and Mora, Pascal and Muth, Xavier and R{\'e}gnier, {\'E}douard and Rouzaud, Jean-No{\"e}l and Santos, Fr{\'e}d{\'e}ric},
  year = {2016},
  pages = {111-114}
}

@article{lacostejeanson2016_DetectingMenarchealStatus,
  title = {Detecting Menarcheal Status through Dental Mineralization Stages?: {{J}} {\textsc{Eanson et Al}} .},
  volume = {161},
  issn = {00029483},
  shorttitle = {Detecting Menarcheal Status through Dental Mineralization Stages?},
  language = {en},
  number = {2},
  journal = {American Journal of Physical Anthropology},
  doi = {10.1002/ajpa.23027},
  author = {Lacoste Jeanson, Aliz{\'e} and Santos, Fr{\'e}d{\'e}ric and Bruzek, Jaroslav and Urzel, Vanessa},
  year = {2016},
  pages = {367-373}
}

@article{villotte2015_SituStudyGravettian,
  title = {{\emph{In Situ}} Study of the {{Gravettian}} Individual from {{Cussac}} Cave, Locus 2 ({{Dordogne}}, {{France}}): {{Variability}} of {{Upper Paleolithic Skeletal Morphology}}},
  volume = {158},
  issn = {00029483},
  shorttitle = {{\emph{In Situ}} Study of the {{Gravettian}} Individual from {{Cussac}} Cave, Locus 2 ({{Dordogne}}, {{France}})},
  language = {en},
  number = {4},
  journal = {American Journal of Physical Anthropology},
  doi = {10.1002/ajpa.22831},
  author = {Villotte, S{\'e}bastien and Santos, Fr{\'e}d{\'e}ric and Courtaud, Patrice},
  year = {2015},
  pages = {759-768}
}

@article{santos2014_StatisticalSexDetermination,
  title = {Statistical Sex Determination from Craniometrics: {{Comparison}} of Linear Discriminant Analysis, Logistic Regression, and Support Vector Machines},
  volume = {245},
  issn = {03790738},
  shorttitle = {Statistical Sex Determination from Craniometrics},
  language = {en},
  journal = {Forensic Science International},
  doi = {10.1016/j.forsciint.2014.10.010},
  author = {Santos, Fr{\'e}d{\'e}ric and Guyomarc'h, Pierre and Bruzek, Jaroslav},
  year = {2014},
  pages = {204.e1-204.e8}
}

@article{caron2011_RealityNeandertalSymbolic,
  title = {The {{Reality}} of {{Neandertal Symbolic Behavior}} at the {{Grotte}} Du {{Renne}}, {{Arcy}}-Sur-{{Cure}}, {{France}}},
  volume = {6},
  issn = {1932-6203},
  language = {en},
  number = {6},
  journal = {PLoS ONE},
  doi = {10.1371/journal.pone.0021545},
  author = {Caron, Fran{\c c}ois and {d'Errico}, Francesco and Del Moral, Pierre and Santos, Fr{\'e}d{\'e}ric and Zilh{\~a}o, Jo{\~a}o},
  editor = {Frayer, David},
  year = {2011},
  pages = {e21545}
}

@article{scolan2012_NouveauxVestigesNeanderthaliens,
  title = {{Des nouveaux vestiges n{\'e}anderthaliens {\`a} Las P{\'e}l{\'e}nos (Monsempron-Libos, Lot-et-Garonne, France)}},
  volume = {24},
  issn = {0037-8984, 1777-5469},
  language = {fr},
  number = {1-2},
  journal = {Bulletins et m{\'e}moires de la Soci{\'e}t{\'e} d'anthropologie de Paris},
  doi = {10.1007/s13219-011-0047-x},
  author = {Scolan, H. and Santos, F. and Tillier, A. -M. and Maureille, B. and Quintard, A.},
  year = {2012},
  pages = {69-95}
}

@article{lacostejeanson2018_ArchitectureFemoralTibial,
  title = {Architecture of the Femoral and Tibial Diaphyses in Relation to Body Mass and Composition: {{Research}} from Whole-Body {{CT}} Scans of Adult Humans},
  volume = {167},
  issn = {00029483},
  shorttitle = {Architecture of the Femoral and Tibial Diaphyses in Relation to Body Mass and Composition},
  language = {en},
  number = {4},
  journal = {American Journal of Physical Anthropology},
  doi = {10.1002/ajpa.23713},
  author = {Lacoste Jeanson, Aliz{\'e} and Santos, Fr{\'e}d{\'e}ric and Villa, Chiara and Banner, Jytte and Br{\r{u}}{\v z}ek, Jaroslav},
  year = {2018},
  pages = {813-826}
}

@article{lacostejeanson2018_SexspecificFunctionalAdaptation,
  title = {Sex-Specific Functional Adaptation of the Femoral Diaphysis to Body Composition},
  volume = {30},
  issn = {10420533},
  language = {en},
  number = {4},
  journal = {American Journal of Human Biology},
  doi = {10.1002/ajhb.23123},
  author = {Lacoste Jeanson, Aliz{\'e} and Santos, Fr{\'e}d{\'e}ric and Dupej, J{\'a}n and Velem{\'i}nsk{\'a}, Jana and Br{\r{u}}{\v z}ek, Jaroslav},
  year = {2018},
  pages = {e23123}
}

@article{vacca2012_MetricCharacterizationHuman,
  title = {Metric Characterization of the Human Coxal Bone on a Recent {{Italian}} Sample and Multivariate Discriminant Analysis to Determine Sex},
  volume = {222},
  issn = {03790738},
  language = {en},
  number = {1-3},
  journal = {Forensic Science International},
  doi = {10.1016/j.forsciint.2012.06.014},
  author = {Vacca, Eligio and Di Vella, Giancarlo},
  year = {2012},
  pages = {401.e1-401.e9}
}

@article{boldsen2015_SexEstimationModern,
  title = {Sex Estimation from Modern {{American}} Humeri and Femora, Accounting for Sample Variance Structure: {{SEX ESTIMATION FROM HUMERAL}} \& {{FEMORAL DIMENSIONS}}},
  volume = {158},
  issn = {00029483},
  shorttitle = {Sex Estimation from Modern {{American}} Humeri and Femora, Accounting for Sample Variance Structure},
  language = {en},
  number = {4},
  journal = {American Journal of Physical Anthropology},
  doi = {10.1002/ajpa.22812},
  author = {Boldsen, Jesper L. and Milner, George R. and Boldsen, S{\o}ren K.},
  year = {2015},
  pages = {745-750}
}

@article{berg2017_IntroducingHumanMandible,
  title = {Introducing {{Human Mandible Identification}} [(Hu){{MANid}}]: {{A Free}}, {{Web}}-{{Based GUI}} to {{Classify Human Mandibles}}},
  volume = {62},
  issn = {00221198},
  shorttitle = {Introducing {{Human Mandible Identification}} [(Hu){{MANid}}]},
  language = {en},
  number = {6},
  journal = {Journal of Forensic Sciences},
  doi = {10.1111/1556-4029.13479},
  author = {Berg, Gregory E. and Kenyhercz, Michael W.},
  year = {2017},
  pages = {1592-1598}
}

@article{warnke-sommer2019_TransformMethodPairwise,
  title = {{\emph{Z}} -{{Transform Method}} for {{Pairwise Osteometric Pair}}-Matching,},
  volume = {64},
  issn = {00221198},
  language = {en},
  number = {1},
  journal = {Journal of Forensic Sciences},
  doi = {10.1111/1556-4029.13813},
  author = {{Warnke-Sommer}, Julia D. and Lynch, Jeffrey James and Pawaskar, Sachin S. and Damann, Franklin E.},
  year = {2019},
  pages = {23-33}
}

@article{vickers2015_ProposedMethodPredicting,
  title = {Proposed {{Method}} for {{Predicting Pair Matching}} of {{Skeletal Elements Allows Too Many False Rejections}}},
  volume = {60},
  issn = {00221198},
  language = {en},
  number = {1},
  journal = {Journal of Forensic Sciences},
  doi = {10.1111/1556-4029.12545},
  author = {Vickers, Sara and Lubinski, Patrick M. and Henebry DeLeon, Lourdes and Bowen, John T.},
  year = {2015},
  pages = {102-106}
}

@article{thomas2013_TablesMetricEvaluation,
  title = {Tables for the {{Metric Evaluation}} of {{Pair}}-{{Matching}} of {{Human Skeletal Elements}}},
  volume = {58},
  issn = {00221198},
  language = {en},
  number = {4},
  journal = {Journal of Forensic Sciences},
  doi = {10.1111/1556-4029.12133},
  author = {Thomas, Richard M. and Ubelaker, Douglas H. and Byrd, John E.},
  year = {2013},
  pages = {952-956}
}

@article{rodriguez2016_OsteometricSortingSkeletal,
  title = {Osteometric Sorting of Skeletal Elements from a Sample of Modern {{Colombians}}: A Pilot Study},
  volume = {130},
  issn = {0937-9827, 1437-1596},
  shorttitle = {Osteometric Sorting of Skeletal Elements from a Sample of Modern {{Colombians}}},
  language = {en},
  number = {2},
  journal = {International Journal of Legal Medicine},
  doi = {10.1007/s00414-015-1142-1},
  author = {Rodr{\'i}guez, Juan Manuel Guerrero and Hackman, Lucina and Mart{\'i}nez, Wendy and Medina, C{\'e}sar Sanabria},
  year = {2016},
  pages = {541-550}
}

@article{nikita2011_SimpleAlgorithmsEstimation,
  title = {Simple Algorithms for the Estimation of the Initial Number of Individuals in Commingled Skeletal Remains},
  volume = {146},
  issn = {00029483},
  language = {en},
  number = {4},
  journal = {American Journal of Physical Anthropology},
  doi = {10.1002/ajpa.21624},
  author = {Nikita, Efthymia and Lahr, Marta M.},
  year = {2011},
  pages = {629-636}
}

@article{lynch2018_PowerExclusionUsing,
  title = {The {{Power}} of {{Exclusion}} Using {{Automated Osteometric Sorting}}: {{Pair}}-{{Matching}},},
  volume = {63},
  issn = {00221198},
  shorttitle = {The {{Power}} of {{Exclusion}} Using {{Automated Osteometric Sorting}}},
  language = {en},
  number = {2},
  journal = {Journal of Forensic Sciences},
  doi = {10.1111/1556-4029.13560},
  author = {Lynch, Jeffrey James and Byrd, John and LeGarde, Carrie B.},
  year = {2018},
  pages = {371-380}
}

@article{lynch2018_AutomationRegressionModeling,
  title = {The {{Automation}} of {{Regression Modeling}} in {{Osteometric Sorting}}: {{An Ordination Approach}}},
  volume = {63},
  issn = {00221198},
  shorttitle = {The {{Automation}} of {{Regression Modeling}} in {{Osteometric Sorting}}},
  language = {en},
  number = {3},
  journal = {Journal of Forensic Sciences},
  doi = {10.1111/1556-4029.13597},
  author = {Lynch, Jeffrey James},
  year = {2018},
  pages = {798-804}
}

@article{lee2018_UnivariateLinearComposite,
  title = {Univariate and {{Linear Composite Asymmetry Statistics}} for the ``{{Pair}}-{{Matching}}'' of {{Bone Antimeres}}},
  volume = {63},
  issn = {00221198},
  language = {en},
  number = {6},
  journal = {Journal of Forensic Sciences},
  doi = {10.1111/1556-4029.13748},
  author = {Lee, Amanda B. and Konigsberg, Lyle W.},
  year = {2018},
  pages = {1796-1801}
}

@article{byrd2018_EvaluationMethodPerformance,
  title = {Evaluation of Method Performance for Osteometric Sorting of Commingled Human Remains},
  volume = {3},
  issn = {2096-1790, 2471-1411},
  language = {en},
  number = {4},
  journal = {Forensic Sciences Research},
  doi = {10.1080/20961790.2018.1535762},
  author = {Byrd, John E. and LeGarde, Carrie B.},
  year = {2018},
  pages = {343-349}
}

@incollection{byrd2014_OsteometricSorting,
  title = {Osteometric {{Sorting}}},
  isbn = {978-0-12-405889-7},
  language = {en},
  booktitle = {Commingled {{Human Remains}}},
  publisher = {{Elsevier}},
  author = {Byrd, John E. and LeGarde, Carrie B.},
  year = {2014},
  pages = {167-191},
  doi = {10.1016/B978-0-12-405889-7.00008-3}
}

@book{adams2008_RecoveryAnalysisIdentification,
  address = {{Totowa, NJ}},
  title = {Recovery, {{Analysis}}, and {{Identification}} of {{Commingled Human Remains}}},
  isbn = {978-1-58829-769-3 978-1-59745-316-5},
  language = {en},
  publisher = {{Humana Press}},
  editor = {Adams, Bradley J. and Byrd, John E.},
  year = {2008},
  doi = {10.1007/978-1-59745-316-5}
}

@article{adams2006_ResolutionSmallscaleCommingling,
  title = {Resolution of Small-Scale Commingling: {{A}} Case Report from the {{Vietnam War}}},
  volume = {156},
  issn = {03790738},
  shorttitle = {Resolution of Small-Scale Commingling},
  language = {en},
  number = {1},
  journal = {Forensic Science International},
  doi = {10.1016/j.forsciint.2004.04.088},
  author = {Adams, Bradley J. and Byrd, John E.},
  year = {2006},
  pages = {63-69}
}

@article{bertsatos2019_ValidationStudyOsteometric,
  title = {Validation Study of Osteometric Techniques for Sorting Commingled Human Skeletal Remains in Archaeological Samples},
  volume = {29},
  issn = {1047482X},
  language = {en},
  number = {2},
  journal = {International Journal of Osteoarchaeology},
  doi = {10.1002/oa.2733},
  author = {Bertsatos, Andreas and Chovalopoulou, Maria-Eleni},
  year = {2019},
  pages = {253-259}
}

@article{anastopoulou2018_StatisticalMethodReassociating,
  title = {A {{Statistical Method}} for {{Reassociating Human Tali}} and {{Calcanei}} from a {{Commingled Context}}},
  volume = {63},
  issn = {00221198},
  language = {en},
  number = {2},
  journal = {Journal of Forensic Sciences},
  doi = {10.1111/1556-4029.13571},
  author = {Anastopoulou, Ioanna and Karakostis, Fotios A. and Borrini, Matteo and Moraitis, Konstantinos},
  year = {2018},
  pages = {381-385}
}

@article{moore2016_MetricSexEstimation,
  title = {Metric Sex Estimation from the Postcranial Skeleton for the {{Colombian}} Population},
  volume = {262},
  issn = {03790738},
  language = {en},
  journal = {Forensic Science International},
  doi = {10.1016/j.forsciint.2016.02.018},
  author = {Moore, Megan K. and DiGangi, Elizabeth A. and Ni{\~n}o Ru{\'i}z, Francis Paola and Hidalgo Davila, Oscar Joaqu{\'i}n and Sanabria Medina, C{\'e}sar},
  year = {2016},
  pages = {286.e1-286.e8}
}

@article{graham2010_FluctuatingAsymmetryMethods,
  title = {Fluctuating {{Asymmetry}}: {{Methods}}, {{Theory}}, and {{Applications}}},
  volume = {2},
  issn = {2073-8994},
  shorttitle = {Fluctuating {{Asymmetry}}},
  language = {en},
  number = {2},
  journal = {Symmetry},
  doi = {10.3390/sym2020466},
  author = {Graham, John H. and Raz, Shmuel and {Hel-Or}, Hagit and Nevo, Eviatar},
  year = {2010},
  pages = {466-540}
}

@article{bechshoft2008_FluctuatingAsymmetryMetric,
  title = {Fluctuating {{Asymmetry}} in {{Metric Traits}}; a {{Practical Example}} of {{Calculating Asymmetry}}, {{Measurement Error}}, and {{Repeatability}}},
  volume = {45},
  issn = {0003-455X, 1797-2450},
  language = {en},
  number = {1},
  journal = {Annales Zoologici Fennici},
  doi = {10.5735/086.045.0103},
  author = {Bechsh{\o}ft, Thea {\O}. and Rig{\'e}t, Frank F. and Wiig, {\O}ystein and Sonne, Christian},
  year = {2008},
  pages = {32-38}
}

@book{hamel2009_KnowledgeDiscoverySupport,
  address = {{Hoboken, N.J}},
  series = {Wiley Series on Methods and Applications in Data Mining},
  title = {Knowledge Discovery with Support Vector Machines},
  isbn = {978-0-470-37192-3},
  lccn = {Q325.5 .H38 2009},
  publisher = {{John Wiley \& Sons}},
  author = {Hamel, Lutz},
  year = {2009},
  note = {OCLC: ocn294883424}
}

@book{campbell2011_LearningSupportVector,
  address = {{San Rafael, Calif}},
  series = {Synthesis Lectures on Artificial Intelligence and Machine Learning},
  title = {Learning with Support Vector Machines},
  isbn = {978-1-60845-616-1 978-1-60845-617-8},
  language = {eng},
  number = {10},
  publisher = {{Morgan \& Claypool Publishers}},
  author = {Campbell, Colin and Ying, Yiming},
  year = {2011},
  note = {OCLC: 706406342}
}

@book{steinwart2008_SupportVectorMachines,
  address = {{New York}},
  edition = {1st ed},
  series = {Information Science and Statistics},
  title = {Support Vector Machines},
  isbn = {978-0-387-77241-7 978-0-387-77242-4},
  lccn = {Q325.5 .S74 2008},
  language = {en},
  publisher = {{Springer}},
  author = {Steinwart, Ingo and Christmann, Andreas},
  year = {2008},
  ids = {steinwart2008\_SupportVectorMachinesa}
}

@book{gaetan2008_ModelisationStatistiqueSpatiales,
  address = {{Berlin}},
  series = {{Math{\'e}matiques et applications}},
  title = {{Mod{\'e}lisation et statistique spatiales}},
  isbn = {978-3-540-79225-3},
  language = {fr},
  number = {63},
  publisher = {{Springer}},
  author = {Gaetan, Carlo and Guyon, Xavier},
  year = {2008},
  note = {OCLC: 254698463}
}

@book{bivand2013_AppliedSpatialData,
  address = {{New York}},
  edition = {Second edition},
  series = {Use {{R}}!},
  title = {Applied Spatial Data Analysis with {{R}}},
  isbn = {978-1-4614-7617-7},
  lccn = {QA278.2 .B58 2013},
  language = {en},
  publisher = {{Springer}},
  author = {Bivand, Roger and Pebesma, Edzer J. and {G{\'o}mez-Rubio}, Virgilio},
  year = {2013},
  note = {OCLC: ocn857289562}
}

@book{efron1993_IntroductionBootstrap,
  address = {{New York}},
  series = {Monographs on Statistics and Applied Probability},
  title = {An Introduction to the Bootstrap},
  isbn = {978-0-412-04231-7},
  lccn = {QA276.8 .E3745 1993},
  number = {57},
  publisher = {{Chapman \& Hall}},
  author = {Efron, Bradley and Tibshirani, Robert},
  year = {1993}
}

@book{zieffler2011_ComparingGroupsRandomization,
  address = {{Hoboken, N.J}},
  title = {Comparing Groups: Randomization and Bootstrap Methods Using {{R}}},
  isbn = {978-0-470-62169-1},
  lccn = {QA276.8 .Z53 2011},
  shorttitle = {Comparing Groups},
  publisher = {{Wiley}},
  author = {Zieffler, Andrew and Harring, Jeffrey and Long, Jeffrey D.},
  year = {2011}
}

@book{vandenboogaart2013_AnalyzingCompositionalData,
  address = {{Berlin, Heidelberg}},
  title = {Analyzing {{Compositional Data}} with {{R}}},
  isbn = {978-3-642-36808-0 978-3-642-36809-7},
  language = {en},
  publisher = {{Springer Berlin Heidelberg}},
  author = {{van den Boogaart}, K. Gerald and {Tolosana-Delgado}, Raimon},
  year = {2013},
  doi = {10.1007/978-3-642-36809-7}
}

@book{christensen1997_LoglinearModelsLogistic,
  address = {{New York}},
  edition = {2nd ed},
  series = {Springer Texts in Statistics},
  title = {Log-Linear Models and Logistic Regression},
  isbn = {978-0-387-98247-2},
  lccn = {QA278 .C49 1997},
  publisher = {{Springer}},
  author = {Christensen, Ronald and Christensen, Ronald},
  year = {1997}
}

@book{kateri2014_ContingencyTableAnalysis,
  address = {{New York}},
  series = {Statistics for Industry and Technology},
  title = {Contingency Table Analysis: Methods and Implementation Using {{R}}},
  isbn = {978-0-8176-4810-7},
  lccn = {QA277 .K38 2014},
  shorttitle = {Contingency Table Analysis},
  language = {en},
  publisher = {{Birkh{\"a}user}},
  author = {Kateri, Maria},
  year = {2014},
  note = {OCLC: ocn883266134}
}

@book{haslwanter2016_IntroductionStatisticsPython,
  address = {{Cham}},
  series = {Statistics and {{Computing}}},
  title = {An {{Introduction}} to {{Statistics}} with {{Python}}},
  isbn = {978-3-319-28315-9 978-3-319-28316-6},
  language = {en},
  publisher = {{Springer International Publishing}},
  author = {Haslwanter, Thomas},
  year = {2016},
  doi = {10.1007/978-3-319-28316-6}
}

@article{coghlan_LittleBookMultivariate,
  title = {A {{Little Book}} of {{R For Multivariate Analysis}}},
  language = {en},
  author = {Coghlan, Avril},
  pages = {53}
}

@book{jeromepages2013_AnalyseFactorielleMultiple,
  title = {{Analyse factorielle multiple avec R}},
  language = {French},
  publisher = {{EDP Sciences}},
  author = {{J{\'e}r{\^o}me Pag{\`e}s}},
  year = {2013},
  note = {OCLC: 942869050}
}

@book{adachi2016_MatrixBasedIntroductionMultivariate,
  address = {{Singapore}},
  title = {Matrix-{{Based Introduction}} to {{Multivariate Data Analysis}}},
  isbn = {978-981-10-2340-8 978-981-10-2341-5},
  language = {en},
  publisher = {{Springer Singapore}},
  author = {Adachi, Kohei},
  year = {2016},
  doi = {10.1007/978-981-10-2341-5}
}

@book{toutenburg2009_StatisticalAnalysisDesigned,
  address = {{New York}},
  edition = {3rd ed},
  series = {Springer Texts in Statistics},
  title = {Statistical Analysis of Designed Experiments},
  isbn = {978-1-4419-1147-6 978-1-4419-1148-3},
  lccn = {QA279 .T68 2009},
  language = {en},
  publisher = {{Springer}},
  author = {Toutenburg, Helge and Shalabh},
  year = {2009},
  note = {OCLC: ocn436030791}
}

@book{james2013_IntroductionStatisticalLearning,
  address = {{New York, NY}},
  series = {Springer {{Texts}} in {{Statistics}}},
  title = {An {{Introduction}} to {{Statistical Learning}}},
  volume = {103},
  isbn = {978-1-4614-7137-0 978-1-4614-7138-7},
  publisher = {{Springer}},
  author = {James, Gareth and Witten, Daniela and Hastie, Trevor and Tibshirani, Robert},
  year = {2013},
  doi = {10.1007/978-1-4614-7138-7}
}

@book{shahbaba2012_BiostatisticsIntroductionStatistics,
  address = {{New York}},
  series = {Use {{R}}!},
  title = {Biostatistics with {{R}}: An Introduction to Statistics through Biological Data},
  isbn = {978-1-4614-1301-1 978-1-4614-1302-8},
  lccn = {QH323.5 .S46 2012},
  shorttitle = {Biostatistics with {{R}}},
  language = {en},
  publisher = {{Springer}},
  author = {Shahbaba, Babak},
  year = {2012},
  note = {OCLC: ocn773791880}
}

@book{macfarland2016_IntroductionNonparametricStatistics,
  address = {{Cham}},
  title = {Introduction to {{Nonparametric Statistics}} for the {{Biological Sciences Using R}}},
  isbn = {978-3-319-30633-9 978-3-319-30634-6},
  language = {en},
  publisher = {{Springer International Publishing}},
  author = {MacFarland, Thomas W. and Yates, Jan M.},
  year = {2016},
  doi = {10.1007/978-3-319-30634-6}
}

@book{saporta2011_ProbabilitesAnalyseDonnees,
  address = {{Paris}},
  title = {{Probabilit{\'e}s analyse et des donn{\'e}es et statistique}},
  isbn = {978-2-7108-0980-7},
  language = {French},
  publisher = {{Technip}},
  author = {Saporta, Gilbert},
  year = {2011},
  note = {OCLC: 950747082}
}

@book{longford2013_StatisticalDecisionTheory,
  address = {{Berlin, Heidelberg}},
  series = {{{SpringerBriefs}} in {{Statistics}}},
  title = {Statistical {{Decision Theory}}},
  isbn = {978-3-642-40432-0 978-3-642-40433-7},
  publisher = {{Springer Berlin Heidelberg}},
  author = {Longford, Nicholas T.},
  year = {2013},
  doi = {10.1007/978-3-642-40433-7}
}

@book{izenman2008_ModernMultivariateStatistical,
  address = {{New York, NY}},
  series = {Springer {{Texts}} in {{Statistics}}},
  title = {Modern {{Multivariate Statistical Techniques}}},
  isbn = {978-0-387-78188-4 978-0-387-78189-1},
  language = {en},
  publisher = {{Springer New York}},
  author = {Izenman, Alan J.},
  editor = {Casella, G. and Fienberg, S. and Olkin, I.},
  year = {2008},
  doi = {10.1007/978-0-387-78189-1}
}

@book{logan2010_BiostatisticalDesignAnalysis,
  address = {{Oxford, UK}},
  title = {Biostatistical {{Design}} and {{Analysis Using R}}: {{A Practical Guide}}},
  isbn = {978-1-4443-1962-0 978-1-4443-3524-8},
  shorttitle = {Biostatistical {{Design}} and {{Analysis Using R}}},
  language = {en},
  publisher = {{Wiley-Blackwell}},
  author = {Logan, Murray},
  year = {2010},
  doi = {10.1002/9781444319620}
}

@book{venables2010_ModernAppliedStatistics,
  address = {{New York}},
  edition = {4. ed., [Nachdr.]},
  series = {Statistics and Computing},
  title = {Modern {{Applied Statistics}} with {{S}}},
  isbn = {978-1-4419-3008-8 978-0-387-21706-2},
  language = {en},
  publisher = {{Springer}},
  author = {Venables, William N. and Ripley, Brian D.},
  year = {2010},
  note = {OCLC: 837651785}
}

@book{frontier2007_StatistiquePourSciences,
  address = {{Place of publication not identified}},
  title = {{Statistique pour les sciences de la vie et de l'environnement.}},
  isbn = {978-2-10-051051-1},
  language = {French},
  publisher = {{Dunod}},
  author = {Frontier, Serge},
  year = {2007},
  note = {OCLC: 946776502}
}

@book{zelterman2015_AppliedMultivariateStatistics,
  address = {{Cham}},
  series = {Statistics for Biology and Health},
  title = {Applied Multivariate Statistics with {{R}}},
  isbn = {978-3-319-14092-6 978-3-319-14093-3},
  language = {en},
  publisher = {{Springer}},
  author = {Zelterman, Daniel},
  year = {2015},
  note = {OCLC: 923377416}
}

@book{spokoiny2015_BasicsModernMathematical,
  address = {{Berlin, Heidelberg}},
  series = {Springer {{Texts}} in {{Statistics}}},
  title = {Basics of {{Modern Mathematical Statistics}}},
  isbn = {978-3-642-39908-4 978-3-642-39909-1},
  publisher = {{Springer Berlin Heidelberg}},
  author = {Spokoiny, Vladimir and Dickhaus, Thorsten},
  year = {2015},
  doi = {10.1007/978-3-642-39909-1}
}

@book{hardle2007_AppliedMultivariateStatistical,
  address = {{Berlin ; New York}},
  edition = {2nd ed},
  title = {Applied Multivariate Statistical Analysis},
  isbn = {978-3-540-72243-4},
  lccn = {QA278 .H346 2007},
  language = {en},
  publisher = {{Springer}},
  author = {H{\"a}rdle, Wolfgang and Simar, L{\'e}opold},
  year = {2007}
}

@book{everitt2005_SPLUSCompanionMultivariate,
  address = {{London}},
  series = {Springer Texts in Statistics},
  title = {An {{R}} and {{S}}-{{PLUS}} Companion to Multivariate Analysis},
  isbn = {978-1-85233-882-4},
  lccn = {QA278 .E926 2005},
  language = {en},
  publisher = {{Springer}},
  author = {Everitt, Brian},
  year = {2005}
}

@book{dalgaard2008_IntroductoryStatistics,
  address = {{New York}},
  edition = {2nd ed},
  series = {Statistics and Computing},
  title = {Introductory Statistics with {{R}}},
  isbn = {978-0-387-79053-4},
  lccn = {QA276.45.R3 D35 2008},
  language = {en},
  publisher = {{Springer}},
  author = {Dalgaard, Peter},
  year = {2008},
  note = {OCLC: ocn253729714}
}

@book{hastie2009_ElementsStatisticalLearning,
  address = {{New York, NY}},
  edition = {2nd ed},
  series = {Springer Series in Statistics},
  title = {The Elements of Statistical Learning: Data Mining, Inference, and Prediction},
  isbn = {978-0-387-84857-0 978-0-387-84858-7},
  lccn = {Q325.5 .H39 2009},
  shorttitle = {The Elements of Statistical Learning},
  language = {en},
  publisher = {{Springer}},
  author = {Hastie, Trevor and Tibshirani, Robert and Friedman, J. H.},
  year = {2009}
}

@book{sokal2009_IntroductionBiostatistics,
  address = {{Mineola, N.Y}},
  edition = {2nd ed., Dover ed},
  title = {Introduction to Biostatistics},
  isbn = {978-0-486-46961-4},
  lccn = {QH323.5 .S633 2009},
  language = {en},
  publisher = {{Dover Publications}},
  author = {Sokal, Robert R. and Rohlf, F. James},
  year = {2009},
  note = {OCLC: ocn271647457}
}

@book{puza2015_BayesianMethodsStatistical,
  address = {{Canberra}},
  title = {Bayesian Methods for Statistical Analysis},
  isbn = {978-1-921934-26-1 978-1-921934-25-4},
  language = {English},
  publisher = {{Australian Nat Univ Press}},
  author = {Puza, Borek},
  year = {2015},
  note = {OCLC: 1002859274}
}

@book{cowles2013_AppliedBayesianStatistics,
  address = {{New York}},
  series = {Springer Texts in Statistics},
  title = {Applied {{Bayesian}} Statistics: With {{R}} and {{OpenBUGS}} Examples},
  isbn = {978-1-4614-5695-7},
  lccn = {QA279.5 .C69 2013},
  shorttitle = {Applied {{Bayesian}} Statistics},
  language = {en},
  publisher = {{Springer}},
  author = {Cowles, Mary Kathryn},
  year = {2013},
  note = {OCLC: ocn838102161}
}

@book{hoff2009_FirstCourseBayesian,
  address = {{London ; New York}},
  series = {Springer Texts in Statistics},
  title = {A First Course in {{Bayesian}} Statistical Methods},
  isbn = {978-0-387-92299-7 978-0-387-92407-6},
  lccn = {QA279.5 .H64 2009},
  language = {en},
  publisher = {{Springer}},
  author = {Hoff, Peter D.},
  year = {2009},
  note = {OCLC: ocn310401109}
}

@book{marin2014_BayesianEssentials,
  address = {{New York}},
  edition = {Second edition},
  series = {Springer {{Texts}} in {{Statistics}}},
  title = {Bayesian Essentials with {{R}}},
  isbn = {978-1-4614-8686-2},
  lccn = {QA279.5 .M358 2014},
  language = {en},
  publisher = {{Springer}},
  author = {Marin, Jean-Michel and Robert, Christian P.},
  year = {2014},
  note = {OCLC: ocn859186504}
}

@book{shumway2017_TimeSeriesAnalysis,
  address = {{Cham}},
  series = {Springer {{Texts}} in {{Statistics}}},
  title = {Time {{Series Analysis}} and {{Its Applications}}},
  isbn = {978-3-319-52451-1 978-3-319-52452-8},
  publisher = {{Springer International Publishing}},
  author = {Shumway, Robert H. and Stoffer, David S.},
  year = {2017},
  doi = {10.1007/978-3-319-52452-8}
}

@book{islam2017_AnalysisRepeatedMeasures,
  address = {{Singapore}},
  title = {Analysis of {{Repeated Measures Data}}},
  isbn = {978-981-10-3793-1 978-981-10-3794-8},
  language = {en},
  publisher = {{Springer Singapore}},
  author = {Islam, M. Ataharul and Chowdhury, Rafiqul I},
  year = {2017},
  doi = {10.1007/978-981-10-3794-8}
}

@book{shorack2017_ProbabilityStatisticians,
  address = {{Cham}},
  series = {Springer {{Texts}} in {{Statistics}}},
  title = {Probability for {{Statisticians}}},
  isbn = {978-3-319-52206-7 978-3-319-52207-4},
  publisher = {{Springer International Publishing}},
  author = {Shorack, Galen R.},
  year = {2017},
  doi = {10.1007/978-3-319-52207-4}
}

@book{delmoral2014_ModelesMethodesStochastiques,
  address = {{Berlin, Heidelberg}},
  series = {Math{\'e}matiques et {{Applications}}},
  title = {Mod{\`e}les et M{\'e}thodes Stochastiques},
  volume = {75},
  isbn = {978-3-642-54615-0 978-3-642-54616-7},
  publisher = {{Springer Berlin Heidelberg}},
  author = {Del Moral, Pierre and Verg{\'e}, Christelle},
  year = {2014},
  doi = {10.1007/978-3-642-54616-7}
}

@book{biagini2016_ElementsProbabilityStatistics,
  address = {{Cham}},
  series = {{{UNITEXT}}},
  title = {Elements of {{Probability}} and {{Statistics}}},
  volume = {98},
  isbn = {978-3-319-07253-1 978-3-319-07254-8},
  publisher = {{Springer International Publishing}},
  author = {Biagini, Francesca and Campanino, Massimo},
  year = {2016},
  doi = {10.1007/978-3-319-07254-8}
}

@book{2010_PlansExperienceConstructions,
  address = {{Berlin, Heidelberg}},
  series = {Math{\'e}matiques et {{Applications}}},
  title = {Plans d'exp{\'e}rience: Constructions et Analyses Statistiques},
  volume = {67},
  isbn = {978-3-642-11471-7 978-3-642-11472-4},
  shorttitle = {Plans d'exp{\'e}rience},
  publisher = {{Springer Berlin Heidelberg}},
  year = {2010},
  doi = {10.1007/978-3-642-11472-4}
}

@book{dean2017_DesignAnalysisExperiments,
  address = {{Cham}},
  series = {Springer {{Texts}} in {{Statistics}}},
  title = {Design and {{Analysis}} of {{Experiments}}},
  isbn = {978-3-319-52248-7 978-3-319-52250-0},
  publisher = {{Springer International Publishing}},
  author = {Dean, Angela and Voss, Daniel and Dragulji{\'c}, Danel},
  year = {2017},
  doi = {10.1007/978-3-319-52250-0}
}

@book{claude2008_Morphometrics,
  address = {{New York ; London}},
  series = {Use {{R}}!},
  title = {Morphometrics with {{R}}},
  isbn = {978-0-387-77789-4},
  lccn = {QH351 .C53 2008},
  language = {en},
  publisher = {{Springer}},
  author = {Claude, Julien},
  year = {2008},
  note = {OCLC: ocn225427551}
}

@book{fox2019_CompanionAppliedRegression,
  address = {{Thousand Oaks, California}},
  edition = {Third edition},
  title = {An {{R}} Companion to Applied Regression},
  isbn = {978-1-5443-3647-3},
  lccn = {QA278.2 .F628 2019},
  publisher = {{Sage Publications, Inc}},
  author = {Fox, John and Weisberg, Sanford},
  year = {2019}
}

@book{zuur2009_MixedEffectsModels,
  address = {{New York, NY}},
  series = {Statistics for Biology and Health},
  title = {Mixed Effects Models and Extensions in Ecology with {{R}}},
  isbn = {978-0-387-87457-9},
  lccn = {QH541.15.S72 M59 2009},
  language = {en},
  publisher = {{Springer}},
  editor = {Zuur, Alain F.},
  year = {2009},
  note = {OCLC: ocn288985460}
}

@book{sheather2009_ModernApproachRegression,
  address = {{New York, NY}},
  series = {Springer {{Texts}} in {{Statistics}}},
  title = {A {{Modern Approach}} to {{Regression}} with {{R}}},
  isbn = {978-0-387-09607-0 978-0-387-09608-7},
  publisher = {{Springer New York}},
  author = {Sheather, Simon},
  editor = {Casella, George and Fienberg, Stephen and Olkin, Ingram},
  year = {2009},
  doi = {10.1007/978-0-387-09608-7}
}

@book{pinheiro2000_MixedeffectsModelsSPLUS,
  address = {{New York}},
  series = {Statistics and Computing},
  title = {Mixed-Effects Models in {{S}} and {{S}}-{{PLUS}}},
  isbn = {978-0-387-98957-0},
  lccn = {QA76.73.S15 P56 2000},
  publisher = {{Springer}},
  author = {Pinheiro, Jos{\'e} C. and Bates, Douglas M.},
  year = {2000}
}

@book{galecki2013_LinearMixedeffectsModels,
  address = {{New York, NY}},
  series = {Springer Texts in Statistics},
  title = {Linear Mixed-Effects Models Using {{R}}: A Step-by-Step Approach},
  isbn = {978-1-4614-3899-1 978-1-4614-3900-4},
  lccn = {QA279 .G35 2013},
  shorttitle = {Linear Mixed-Effects Models Using {{R}}},
  language = {en},
  publisher = {{Springer}},
  author = {Ga{\l}ecki, Andrzej T. and Burzykowski, Tomasz},
  year = {2013},
  note = {OCLC: ocn846484766}
}

@book{faraway2006_ExtendingLinearModel,
  address = {{Boca Raton}},
  series = {Chapman \& {{Hall}}/{{CRC}} Texts in Statistical Science Series},
  title = {Extending the Linear Model with {{R}}: Generalized Linear, Mixed Effects and Nonparametric Regression Models},
  isbn = {978-1-58488-424-8},
  lccn = {QA279 .F368 2006},
  shorttitle = {Extending the Linear Model with {{R}}},
  publisher = {{Chapman \& Hall/CRC}},
  author = {Faraway, Julian James},
  year = {2006},
  note = {OCLC: ocm62152943}
}

@book{gelman2007_DataAnalysisUsing,
  address = {{Cambridge ; New York}},
  series = {Analytical Methods for Social Research},
  title = {Data Analysis Using Regression and Multilevel/Hierarchical Models},
  isbn = {978-0-521-86706-1 978-0-521-68689-1},
  lccn = {HA31.3 .G45 2007},
  publisher = {{Cambridge University Press}},
  author = {Gelman, Andrew and Hill, Jennifer},
  year = {2007},
  note = {OCLC: ocm67375137}
}

@book{yee2015_VectorGeneralizedLinear,
  address = {{New York, NY}},
  series = {Springer Series in Statistics},
  title = {Vector Generalized Linear and Additive Models: With an Implementation in {{R}}},
  isbn = {978-1-4939-2817-0},
  lccn = {QA279 .Y44 2015},
  shorttitle = {Vector Generalized Linear and Additive Models},
  language = {en},
  publisher = {{Springer}},
  author = {Yee, Thomas W.},
  year = {2015},
  note = {OCLC: ocn907271683}
}

@book{hadley2016_Ggplot2,
  address = {{New York, NY}},
  title = {Ggplot2},
  isbn = {978-3-319-24275-0},
  language = {en},
  publisher = {{Springer Science+Business Media, LLC}},
  author = {Hadley, Wickham},
  year = {2016}
}

@book{moon2016_LearnGgplot2Using,
  address = {{Cham}},
  series = {Use {{R}}!},
  title = {Learn Ggplot2 {{Using Shiny App}}},
  isbn = {978-3-319-53018-5 978-3-319-53019-2},
  language = {en},
  publisher = {{Springer International Publishing}},
  author = {Moon, Keon-Woong},
  year = {2016},
  doi = {10.1007/978-3-319-53019-2}
}

@book{zheng2012_AnalysisGeneticAssociation,
  address = {{New York}},
  series = {Statistics for Biology and Health},
  title = {Analysis of Genetic Association Studies},
  isbn = {978-1-4614-2244-0 978-1-4614-2245-7},
  lccn = {RB155 .A578 2012},
  language = {en},
  publisher = {{Springer}},
  editor = {Zheng, Gang},
  year = {2012},
  note = {OCLC: ocn758395168}
}

@book{laird2011_FundamentalsModernStatistical,
  address = {{New York}},
  series = {Statistics for Biology and Health},
  title = {The Fundamentals of Modern Statistical Genetics},
  isbn = {978-1-4419-7337-5 978-1-4419-7338-2},
  lccn = {QH438.4.S73 L35 2011},
  language = {en},
  publisher = {{Springer Science}},
  author = {Laird, Nan M. and Lange, Christoph},
  year = {2011},
  note = {OCLC: ocn648933382}
}

@book{buuren2012_FlexibleImputationMissing,
  address = {{Boca Raton, Fla.; London}},
  title = {Flexible Imputation of Missing Data},
  isbn = {978-1-4398-6824-9},
  language = {English},
  publisher = {{Chapman \& Hall/CRC}},
  author = {van Buuren, Stef},
  year = {2012},
  note = {OCLC: 794295195}
}

@book{chernick2011_IntroductionBootstrapMethods,
  address = {{Hoboken, N.J}},
  title = {An Introduction to Bootstrap Methods with Applications to {{R}}},
  isbn = {978-0-470-46704-6},
  lccn = {QA276.8 .C478 2011},
  publisher = {{Wiley}},
  author = {Chernick, Michael R. and LaBudde, Robert A.},
  year = {2011},
  note = {OCLC: ocn679941373}
}

@book{bapat2012_LinearAlgebraLinear,
  address = {{London}},
  series = {Universitext},
  title = {Linear {{Algebra}} and {{Linear Models}}},
  isbn = {978-1-4471-2738-3 978-1-4471-2739-0},
  publisher = {{Springer London}},
  author = {Bapat, R.B.},
  year = {2012},
  doi = {10.1007/978-1-4471-2739-0}
}

@book{gentle2017_MatrixAlgebra,
  address = {{Cham}},
  series = {Springer {{Texts}} in {{Statistics}}},
  title = {Matrix {{Algebra}}},
  isbn = {978-3-319-64866-8 978-3-319-64867-5},
  publisher = {{Springer International Publishing}},
  author = {Gentle, James E.},
  year = {2017},
  doi = {10.1007/978-3-319-64867-5}
}

@incollection{borg2013_TypicalMistakesMDS,
  address = {{Berlin, Heidelberg}},
  title = {Typical {{Mistakes}} in {{MDS}}},
  isbn = {978-3-642-31847-4 978-3-642-31848-1},
  language = {en},
  booktitle = {Applied {{Multidimensional Scaling}}},
  publisher = {{Springer Berlin Heidelberg}},
  author = {Borg, Ingwer and Groenen, Patrick J. F. and Mair, Patrick},
  collaborator = {Borg, Ingwer and Groenen, Patrick J. F. and Mair, Patrick},
  year = {2013},
  pages = {59-79},
  doi = {10.1007/978-3-642-31848-1_7}
}

@incollection{borg2013_GoodnessMDSSolution,
  address = {{Berlin, Heidelberg}},
  title = {The {{Goodness}} of an {{MDS Solution}}},
  isbn = {978-3-642-31847-4 978-3-642-31848-1},
  language = {en},
  booktitle = {Applied {{Multidimensional Scaling}}},
  publisher = {{Springer Berlin Heidelberg}},
  author = {Borg, Ingwer and Groenen, Patrick J.F. and Mair, Patrick},
  collaborator = {Borg, Ingwer and Groenen, Patrick J. F. and Mair, Patrick},
  year = {2013},
  pages = {21-26},
  doi = {10.1007/978-3-642-31848-1_3}
}

@book{pilloud2016_BiologicalDistanceAnalysis,
  address = {{London, United Kingdom ; San Diego, CA, USA}},
  title = {Biological Distance Analysis: Forensic and Bioarchaeological Perspectives},
  isbn = {978-0-12-801966-5},
  lccn = {QH352 .B54 2016},
  shorttitle = {Biological Distance Analysis},
  publisher = {{Academic Press}},
  editor = {Pilloud, Marin A. and Hefner, Joseph T.},
  year = {2016},
  note = {OCLC: ocn951764374}
}

@book{dzemyda2013_MultidimensionalDataVisualization,
  address = {{New York}},
  series = {Springer Optimization and Its Applications},
  title = {Multidimensional Data Visualization: Methods and Applications},
  isbn = {978-1-4419-0235-1},
  lccn = {TK7882.I6 D94 2013},
  shorttitle = {Multidimensional Data Visualization},
  language = {en},
  number = {volume 75},
  publisher = {{Springer}},
  author = {Dzemyda, Gintautas and Kurasova, Olga and {\v Z}ilinskas, J.},
  year = {2013}
}

@book{borg2013_AppliedMultidimensionalScaling,
  address = {{Heidelberg ; London}},
  series = {Springer {{Briefs}} in Statistics},
  title = {Applied Multidimensional Scaling},
  isbn = {978-3-642-31847-4},
  lccn = {519.535},
  language = {en},
  publisher = {{Springer}},
  author = {Borg, Ingwer and Groenen, Patrick J. F. and Mair, Patrick},
  year = {2013},
  note = {OCLC: ocn815367054}
}

@article{becker2019_EvaluatingElbowOsteoarthritis,
  title = {Evaluating Elbow Osteoarthritis within the Prehistoric {{Tiwanaku}} State Using Generalized Estimating Equations ({{GEE}})},
  issn = {00029483},
  language = {en},
  journal = {American Journal of Physical Anthropology},
  doi = {10.1002/ajpa.23806},
  author = {Becker, Sara K.},
  year = {2019}
}

@misc{bruzek2019_SupportingDataMethod,
  title = {Supporting Data for: {{A}} Method of  Sexing the Human Os Coxae Based on Logistic Regressions and {{Bruzek}}'s Nonmetric Traits},
  shorttitle = {Supporting Data For},
  publisher = {{Zenodo}},
  author = {Bruzek, Jaroslav and Rmoutilova, Rebeka and Guyomarc'h, Pierre and Santos, Fr{\'e}d{\'e}ric},
  year = {2019},
  doi = {10.5281/zenodo.2589917}
}

@misc{lacostejeanson2019_SupportingDataDiaphysator,
  title = {Supporting Data for: "{{Diaphysator}}: An Online Application for the Exhaustive Cartography and User-Friendly Statistical Analysis of Long Bone Diaphyses"},
  shorttitle = {Supporting Data For},
  publisher = {{Zenodo}},
  author = {Lacoste Jeanson, Aliz{\'e}},
  year = {2019},
  doi = {10.5281/zenodo.2593489}
}

@article{amrhein2019_ScientistsRiseStatistical,
  title = {Scientists Rise up against Statistical Significance},
  volume = {567},
  copyright = {2019 Nature},
  language = {EN},
  number = {7748},
  journal = {Nature},
  doi = {10.1038/d41586-019-00857-9},
  author = {Amrhein, Valentin and Greenland, Sander and McShane, Blake},
  year = {2019},
  pages = {305}
}

@book{longford2005_MissingDataSmallarea,
  address = {{New York}},
  series = {Statistics for Social Science and Public Policy},
  title = {Missing Data and Small-Area Estimation: Modern Analytical Equipment for the Survey Statistician},
  isbn = {978-1-85233-760-5},
  lccn = {HA31.2 .L66 2005},
  shorttitle = {Missing Data and Small-Area Estimation},
  language = {en},
  publisher = {{Springer}},
  author = {Longford, Nicholas T.},
  year = {2005},
  note = {OCLC: ocm57579160}
}

@book{vittinghoff2012_RegressionMethodsBiostatistics,
  address = {{New York}},
  edition = {2nd ed},
  series = {Statistics for Biology and Health},
  title = {Regression Methods in Biostatistics: Linear, Logistic, Survival, and Repeated Measures Models},
  isbn = {978-1-4614-1352-3},
  lccn = {QH323.5 .R43 2012},
  shorttitle = {Regression Methods in Biostatistics},
  language = {en},
  publisher = {{Springer}},
  editor = {Vittinghoff, Eric},
  year = {2012},
  note = {OCLC: ocn760413636}
}

@book{olive2017_LinearRegression,
  address = {{New York, NY}},
  title = {Linear Regression},
  isbn = {978-3-319-55250-7},
  language = {en},
  publisher = {{Springer Science+Business Media}},
  author = {Olive, David},
  year = {2017}
}

@book{kleinbaum2010_LogisticRegressionSelflearning,
  address = {{New York}},
  edition = {3rd ed},
  series = {Statistics in the Health Sciences},
  title = {Logistic Regression: A Self-Learning Text},
  isbn = {978-1-4419-1741-6},
  lccn = {R853.S7 K54 2010},
  shorttitle = {Logistic Regression},
  language = {en},
  publisher = {{Springer}},
  author = {Kleinbaum, David G. and Klein, Mitchel and Pryor, Erica Rihl},
  year = {2010}
}

@book{harrell2015_RegressionModelingStrategies,
  address = {{Cham Heidelberg New York}},
  edition = {Second edition},
  series = {Springer Series in Statistics},
  title = {Regression Modeling Strategies: With Applications to Linear Models, Logistic and Ordinal Regression, and Survival Analysis},
  isbn = {978-3-319-19424-0 978-3-319-33039-6 978-3-319-19425-7},
  shorttitle = {Regression Modeling Strategies},
  language = {en},
  publisher = {{Springer}},
  author = {Harrell, Frank E.},
  year = {2015},
  note = {OCLC: 922304565}
}

@book{bingham2010_RegressionLinearModels,
  address = {{London ; New York}},
  series = {Springer Undergraduate Mathematics Series},
  title = {Regression: Linear Models in Statistics},
  isbn = {978-1-84882-968-8 978-1-84882-969-5},
  lccn = {QA278.2 .B56 2010},
  shorttitle = {Regression},
  language = {en},
  publisher = {{Springer}},
  author = {Bingham, N. H. and Fry, John M.},
  year = {2010},
  note = {OCLC: ocn449852100}
}

@book{cornillon2010_RegressionAvec,
  address = {{Paris}},
  series = {{Pratique R}},
  title = {{R{\'e}gression avec R}},
  isbn = {978-2-8178-0183-4},
  language = {fr},
  publisher = {{Springer}},
  author = {Cornillon, Pierre-Andr{\'e} and {Matzner-L{\o}ber}, Eric},
  year = {2010},
  note = {OCLC: 845859225}
}

@article{elie2008_AspectsMethodologiquesStatistiques,
  title = {Aspects M{\'e}thodologiques et Statistiques Des Essais d'{\'e}quivalence et de Non-Inf{\'e}riorit{\'e}},
  volume = {56},
  issn = {0398-7620},
  number = {4},
  journal = {Revue d'{\'E}pid{\'e}miologie et de Sant{\'e} Publique},
  doi = {10.1016/j.respe.2008.05.027},
  author = {Elie, C. and De Rycke, Y. and Jais, J. -P. and {Marion-Gallois}, R. and Landais, P.},
  year = {2008},
  pages = {267-277}
}

@article{leppink2016_EffectSizeLarge,
  title = {Effect Size \textendash{} Large, Medium, and Small},
  volume = {5},
  issn = {2212-2761, 2212-277X},
  language = {en},
  number = {6},
  journal = {Perspectives on Medical Education},
  doi = {10.1007/s40037-016-0308-y},
  author = {Leppink, Jimmie and O'Sullivan, Patricia and Winston, Kal},
  year = {2016},
  pages = {347-349}
}

@article{anderson2013_PERMANOVAANOSIMMantel,
  title = {{{PERMANOVA}}, {{ANOSIM}}, and the {{Mantel}} Test in the Face of Heterogeneous Dispersions: {{What}} Null Hypothesis Are You Testing?},
  volume = {83},
  issn = {0012-9615},
  shorttitle = {{{PERMANOVA}}, {{ANOSIM}}, and the {{Mantel}} Test in the Face of Heterogeneous Dispersions},
  language = {en},
  number = {4},
  journal = {Ecological Monographs},
  doi = {10.1890/12-2010.1},
  author = {Anderson, Marti J. and Walsh, Daniel C. I.},
  year = {2013},
  pages = {557-574}
}

@article{anderson2001_NewMethodNonparametric,
  title = {A New Method for Non-Parametric Multivariate Analysis of Variance: Non-Parametric {{Anova}} for Ecology},
  volume = {26},
  issn = {14429985},
  shorttitle = {A New Method for Non-Parametric Multivariate Analysis of Variance},
  language = {en},
  number = {1},
  journal = {Austral Ecology},
  doi = {10.1111/j.1442-9993.2001.01070.pp.x},
  author = {Anderson, Marti J.},
  year = {2001},
  pages = {32-46}
}

@article{vandevelden2009_SeriationConstrainedCorrespondence,
  title = {Seriation by Constrained Correspondence Analysis: {{A}} Simulation Study},
  volume = {53},
  issn = {01679473},
  shorttitle = {Seriation by Constrained Correspondence Analysis},
  language = {en},
  number = {8},
  journal = {Computational Statistics \& Data Analysis},
  doi = {10.1016/j.csda.2008.08.020},
  author = {{van de Velden}, Michel and Groenen, Patrick J.F. and Poblome, Jeroen},
  year = {2009},
  pages = {3129-3138}
}

@article{crubezy1999_MicroevolutionPopulationHistorique,
  title = {{Micro{\'e}volution d'une population historique. {\'E}tude des caract{\`e}res discrets de la population de Missiminia (Soudan, IIIe-VIe si{\`e}cle)}},
  volume = {11},
  issn = {0037-8984},
  language = {fr},
  number = {1},
  journal = {Bulletins et M{\'e}moires de la Soci{\'e}t{\'e} d'anthropologie de Paris},
  doi = {10.3406/bmsap.1999.2537},
  author = {Crubezy, {\'E}ric and Telmon, Norbert and Sevin, Andr{\'e} and Picard, Jacques and Roug{\'e}, Daniel and Larrouy, Georges and Braga, Jos{\'e} and Ludes, Bertrand and Murail, Pascal},
  year = {1999},
  pages = {1-213}
}

@article{froehle2012_MultivariateCarbonNitrogen,
  title = {Multivariate Carbon and Nitrogen Stable Isotope Model for the Reconstruction of Prehistoric Human Diet},
  volume = {147},
  issn = {00029483},
  language = {en},
  number = {3},
  journal = {American Journal of Physical Anthropology},
  doi = {10.1002/ajpa.21651},
  author = {Froehle, A.W. and Kellner, C.M. and Schoeninger, M.J.},
  year = {2012},
  pages = {352-369}
}

@article{nguyen2019_TenQuickTips,
  title = {Ten Quick Tips for Effective Dimensionality Reduction},
  volume = {15},
  issn = {1553-7358},
  language = {en},
  number = {6},
  journal = {PLOS Computational Biology},
  doi = {10.1371/journal.pcbi.1006907},
  author = {Nguyen, Lan Huong and Holmes, Susan},
  editor = {Ouellette, Francis},
  year = {2019},
  pages = {e1006907}
}

@article{doliveiracoelho2019_CADOESInteractiveMachinelearning,
  title = {{{CADOES}}: {{An}} Interactive Machine-Learning Approach for Sex Estimation with the Pelvis},
  issn = {0379-0738},
  shorttitle = {{{CADOES}}},
  journal = {Forensic Science International},
  doi = {10.1016/j.forsciint.2019.109873},
  author = {{d'Oliveira Coelho}, Jo{\~a}o and Curate, Francisco},
  year = {2019},
  pages = {109873}
}

@article{harris2004_CalculationSmithMean,
  title = {Calculation of {{Smith}}'s Mean Measure of Divergence for Intergroup Comparisons Using Nonmetric Data},
  volume = {17},
  number = {3},
  journal = {Dental Anthropology},
  author = {Harris, Edward F and Sj{\o}vold, Torstein},
  year = {2004},
  pages = {83-93}
}

@article{sjovold1977_NonmetricalDivergenceSkeletal,
  title = {Non-Metrical Divergence between Skeletal Populations: The Theoretical Foundation and Biological Importance of {{CAB Smith}}'s Mean Measure of Divergence},
  volume = {4},
  number = {1},
  journal = {Ossa},
  author = {Sjovold, Torstein},
  year = {1977},
  pages = {1-133}
}

@article{sjovold1973_OccurrenceMinorNonmetrical,
  title = {Occurrence of Minor Non-Metrical Variants in the Skeleton and Their Quantitative Treatment for Population Comparisons},
  volume = {24},
  journal = {Homo},
  author = {Sjovold, Torstein},
  year = {1973},
  pages = {204-233}
}

@article{konigsberg2019_MultivariateOrdinalProbit,
  title = {Multivariate Ordinal Probit Analysis in the Skeletal Assessment of Sex},
  volume = {169},
  copyright = {\textcopyright{} 2019 Wiley Periodicals, Inc.},
  issn = {1096-8644},
  language = {en},
  number = {2},
  journal = {American Journal of Physical Anthropology},
  doi = {10.1002/ajpa.23832},
  author = {Konigsberg, Lyle W. and Frankenberg, Susan R.},
  year = {2019},
  pages = {385-387}
}

@article{klales2019_ResponseMultivariateOrdinal,
  title = {Response to Multivariate Ordinal Probit Analysis in the Skeletal Assessment of Sex ({{Konigsberg}} and {{Frankenberg}})},
  volume = {169},
  copyright = {\textcopyright{} 2019 Wiley Periodicals, Inc.},
  issn = {1096-8644},
  language = {en},
  number = {2},
  journal = {American Journal of Physical Anthropology},
  doi = {10.1002/ajpa.23830},
  author = {Klales, Alexandra and Ousley, Stephen and Vollner, Jennifer},
  year = {2019},
  pages = {388-389}
}

@article{santos2019_MethodSexingHuman,
  title = {A Method of Sexing the Human Os Coxae Based on Logistic Regressions and {{Bruzek}}'s Nonmetric Traits},
  volume = {169},
  copyright = {\textcopyright{} 2019 Wiley Periodicals, Inc.},
  issn = {1096-8644},
  language = {en},
  number = {3},
  journal = {American Journal of Physical Anthropology},
  doi = {10.1002/ajpa.23855},
  author = {Santos, Fr{\'e}d{\'e}ric and Guyomarc'h, Pierre and Rmoutilova, Rebeka and Bruzek, Jaroslav},
  year = {2019},
  pages = {435-447}
}

@article{king2001_GeneralizedConcordanceCorrelation,
  title = {A Generalized Concordance Correlation Coefficient for Continuous and Categorical Data},
  volume = {20},
  copyright = {Copyright \textcopyright{} 2001 John Wiley \& Sons, Ltd.},
  issn = {1097-0258},
  language = {en},
  number = {14},
  journal = {Statistics in Medicine},
  doi = {10.1002/sim.845},
  author = {King, Tonya S. and Chinchilli, Vernon M.},
  year = {2001},
  pages = {2131-2147}
}

@article{carrasco2005_ConcordanceCorrelationCoefficient,
  title = {Concordance Correlation Coefficient Applied to Discrete Data},
  volume = {24},
  copyright = {Copyright \textcopyright{} 2005 John Wiley \& Sons, Ltd.},
  issn = {1097-0258},
  language = {en},
  number = {24},
  journal = {Statistics in Medicine},
  doi = {10.1002/sim.2397},
  author = {Carrasco, Josep L. and Jover, Lluis},
  year = {2005},
  pages = {4021-4034}
}

@article{liao2003_ImprovedConcordanceCorrelation,
  title = {An Improved Concordance Correlation Coefficient},
  volume = {2},
  copyright = {Copyright \textcopyright{} 2003 John Wiley \& Sons, Ltd.},
  issn = {1539-1612},
  language = {en},
  number = {4},
  journal = {Pharmaceutical Statistics},
  doi = {10.1002/pst.52},
  author = {Liao, Jason J. Z.},
  year = {2003},
  pages = {253-261}
}

@article{lin1989_ConcordanceCorrelationCoefficient,
  title = {A {{Concordance Correlation Coefficient}} to {{Evaluate Reproducibility}}},
  volume = {45},
  issn = {0006341X},
  number = {1},
  journal = {Biometrics},
  doi = {10.2307/2532051},
  author = {Lin, Lawrence I-Kuei},
  year = {1989},
  pages = {255}
}

@article{landis1977_MeasurementObserverAgreement,
  title = {The {{Measurement}} of {{Observer Agreement}} for {{Categorical Data}}},
  volume = {33},
  issn = {0006341X},
  number = {1},
  journal = {Biometrics},
  doi = {10.2307/2529310},
  author = {Landis, J. Richard and Koch, Gary G.},
  year = {1977},
  pages = {159}
}

@article{king2007_RepeatedMeasuresConcordance,
  title = {A Repeated Measures Concordance Correlation Coefficient},
  volume = {26},
  copyright = {Copyright \textcopyright{} 2007 John Wiley \& Sons, Ltd.},
  issn = {1097-0258},
  language = {en},
  number = {16},
  journal = {Statistics in Medicine},
  doi = {10.1002/sim.2778},
  author = {King, Tonya S. and Chinchilli, Vernon M. and Carrasco, Josep L.},
  year = {2007},
  pages = {3095-3113}
}

@article{wolak2012_GuidelinesEstimatingRepeatability,
  title = {Guidelines for Estimating Repeatability: {{Guidelines}} for Estimating Repeatability},
  volume = {3},
  issn = {2041210X},
  shorttitle = {Guidelines for Estimating Repeatability},
  language = {en},
  number = {1},
  journal = {Methods in Ecology and Evolution},
  doi = {10.1111/j.2041-210X.2011.00125.x},
  author = {Wolak, Matthew E. and Fairbairn, Daphne J. and Paulsen, Yale R.},
  year = {2012},
  pages = {129-137}
}

@article{ionan2014_ComparisonConfidenceInterval,
  title = {Comparison of Confidence Interval Methods for an Intra-Class Correlation Coefficient ({{ICC}})},
  volume = {14},
  issn = {1471-2288},
  language = {en},
  number = {1},
  journal = {BMC Medical Research Methodology},
  doi = {10.1186/1471-2288-14-121},
  author = {Ionan, Alexei C and Polley, Mei-Yin C and McShane, Lisa M and Dobbin, Kevin K},
  year = {2014},
  pages = {121}
}

@incollection{love2002_SolutionProblemObtaining,
  address = {{Cambridge}},
  title = {A Solution to the Problem of Obtaining a Mortality Schedule for Paleodemographic Data},
  isbn = {978-0-511-54242-8 978-0-521-80063-1 978-0-521-08916-6},
  booktitle = {Paleodemography},
  publisher = {{Cambridge University Press}},
  author = {Love, Bradley and M{\"u}ller, Hans-Georg},
  editor = {Hoppa, Robert D. and Vaupel, James W.},
  year = {2002},
  pages = {181-192},
  doi = {10.1017/CBO9780511542428.009}
}

@article{franchi2019_ProspectsApplicationComputational,
  title = {The Prospects for Application of Computational Anatomy in Forensic Anthropology for Sex Determination},
  volume = {297},
  issn = {0379-0738},
  journal = {Forensic Science International},
  doi = {10.1016/j.forsciint.2019.01.009},
  author = {Franchi, Ang{\'e}lique and Valette, S{\'e}bastien and Agier, R{\'e}mi and Prost, R{\'e}my and K{\'e}chichan, Razmig and Fanton, Laurent},
  year = {2019},
  pages = {156-160}
}

@article{oner2019_SexEstimationUsing,
  title = {Sex Estimation Using Sternum Part Lenghts by Means of Artificial Neural Networks},
  volume = {301},
  issn = {0379-0738},
  journal = {Forensic Science International},
  doi = {10.1016/j.forsciint.2019.05.011},
  author = {Oner, Zulal and Turan, Muhammed Kamil and Oner, Serkan and Secgin, Yusuf and Sahin, Bunyamin},
  year = {2019},
  pages = {6-11}
}

@article{margagliotti2019_MachineLearningForensic,
  title = {Machine Learning \& Forensic Science},
  volume = {298},
  issn = {0379-0738},
  journal = {Forensic Science International},
  doi = {10.1016/j.forsciint.2019.02.045},
  author = {Margagliotti, Giulia and Boll{\'e}, Timothy},
  year = {2019},
  pages = {138-139}
}

@article{nikita2019_SkeletalAgeatdeathEstimation,
  title = {Skeletal Age-at-Death Estimation: {{Bayesian}} versus Regression Methods},
  volume = {297},
  issn = {0379-0738},
  shorttitle = {Skeletal Age-at-Death Estimation},
  journal = {Forensic Science International},
  doi = {10.1016/j.forsciint.2019.01.033},
  author = {Nikita, Efthymia and Nikitas, Panos},
  year = {2019},
  pages = {56-64}
}

@article{nikita2014_UseGeneralizedLinear,
  title = {The Use of Generalized Linear Models and Generalized Estimating Equations in Bioarchaeological Studies},
  volume = {153},
  issn = {1096-8644},
  language = {en},
  number = {3},
  journal = {American Journal of Physical Anthropology},
  doi = {10.1002/ajpa.22448},
  author = {Nikita, Efthymia},
  year = {2014},
  pages = {473-483}
}

@article{smith2019_LivingObservationalData,
  title = {Living with Observational Data in Biological Anthropology},
  volume = {169},
  copyright = {\textcopyright{} 2019 Wiley Periodicals, Inc.},
  issn = {1096-8644},
  language = {en},
  number = {4},
  journal = {American Journal of Physical Anthropology},
  doi = {10.1002/ajpa.23862},
  author = {Smith, Richard J.},
  year = {2019},
  pages = {591-598}
}

@article{rissech2019_AcetabulumAdultAge,
  title = {The Acetabulum as an Adult Age Marker and the New {{IDADE2}} (the {{IDADE2}} Web Page)},
  volume = {169},
  copyright = {\textcopyright{} 2019 Wiley Periodicals, Inc.},
  issn = {1096-8644},
  language = {en},
  number = {4},
  journal = {American Journal of Physical Anthropology},
  doi = {10.1002/ajpa.23856},
  author = {Rissech, Carme and Winburn, Allysha P. and San-Mill{\'a}n, Marta and Sastre, Jaume and Rocha, Jairo},
  year = {2019},
  pages = {757-764}
}

@article{rousselet2019_ReactionTimesOther,
  title = {Reaction Times and Other Skewed Distributions: Problems with the Mean and the Median},
  copyright = {\textcopyright{} 2019, Posted by Cold Spring Harbor Laboratory. This pre-print is available under a Creative Commons License (Attribution 4.0 International), CC BY 4.0, as described at http://creativecommons.org/licenses/by/4.0/},
  shorttitle = {Reaction Times and Other Skewed Distributions},
  language = {en},
  journal = {bioRxiv},
  doi = {10.1101/383935},
  author = {Rousselet, Guillaume A. and Wilcox, Rand R.},
  year = {2019},
  pages = {383935}
}

@article{cohen1968_WeightedKappaNominal,
  title = {Weighted Kappa: {{Nominal}} Scale Agreement Provision for Scaled Disagreement or Partial Credit.},
  volume = {70},
  issn = {1939-1455, 0033-2909},
  shorttitle = {Weighted Kappa},
  language = {en},
  number = {4},
  journal = {Psychological Bulletin},
  doi = {10.1037/h0026256},
  author = {Cohen, Jacob},
  year = {1968},
  pages = {213-220}
}

@article{cohen1960_CoefficientAgreementNominal,
  title = {A {{Coefficient}} of {{Agreement}} for {{Nominal Scales}}},
  volume = {20},
  issn = {0013-1644},
  language = {en},
  number = {1},
  journal = {Educational and Psychological Measurement},
  doi = {10.1177/001316446002000104},
  author = {Cohen, Jacob},
  year = {1960},
  pages = {37-46}
}

@article{rousselet2017_DifferencesMeansRobust,
  title = {Beyond Differences in Means: Robust Graphical Methods to Compare Two Groups in Neuroscience},
  volume = {46},
  issn = {1460-9568},
  shorttitle = {Beyond Differences in Means},
  language = {eng},
  number = {2},
  journal = {The European Journal of Neuroscience},
  doi = {10.1111/ejn.13610},
  author = {Rousselet, Guillaume A. and Pernet, Cyril R. and Wilcox, Rand R.},
  year = {2017},
  pages = {1738-1748},
  pmid = {28544058}
}

@article{leys2018_DetectingMultivariateOutliers,
  title = {Detecting Multivariate Outliers: {{Use}} a Robust Variant of the {{Mahalanobis}} Distance},
  volume = {74},
  issn = {0022-1031},
  shorttitle = {Detecting Multivariate Outliers},
  journal = {Journal of Experimental Social Psychology},
  doi = {10.1016/j.jesp.2017.09.011},
  author = {Leys, Christophe and Klein, Olivier and Dominicy, Yves and Ley, Christophe},
  year = {2018},
  pages = {150-156}
}

@book{tukey1977_ExploratoryDataAnalysis,
  address = {{Reading, Mass}},
  series = {Addison-{{Wesley}} Series in Behavioral Science},
  title = {Exploratory Data Analysis},
  isbn = {978-0-201-07616-5},
  lccn = {HA29 .T783},
  publisher = {{Addison-Wesley Pub. Co}},
  author = {Tukey, John Wilder},
  year = {1977}
}

@article{liu2012_IsolationBasedAnomalyDetection,
  title = {Isolation-{{Based Anomaly Detection}}},
  volume = {6},
  issn = {15564681},
  language = {en},
  number = {1},
  journal = {ACM Transactions on Knowledge Discovery from Data},
  doi = {10.1145/2133360.2133363},
  author = {Liu, Fei Tony and Ting, Kai Ming and Zhou, Zhi-Hua},
  year = {2012},
  pages = {1-39}
}

@book{hawkins1980_IdentificationOutliers,
  address = {{Dordrecht}},
  title = {Identification of {{Outliers}}},
  isbn = {978-94-015-3994-4},
  language = {en},
  publisher = {{Springer Netherlands}},
  author = {Hawkins, D. M},
  year = {1980},
  note = {OCLC: 851385856}
}

@book{rousseeuw1987_RobustRegressionOutlier,
  address = {{New York}},
  series = {Wiley Series in Probability and Mathematical Statistics},
  title = {Robust Regression and Outlier Detection},
  isbn = {978-0-471-85233-9},
  lccn = {QA278.2 .R68 1987},
  language = {en},
  publisher = {{Wiley}},
  author = {Rousseeuw, Peter J. and Leroy, Annick M.},
  year = {1987}
}

@misc{eanes2015_BioanthDatasetsUseful,
  title = {Bioanth: {{Datasets}} Useful in {{Biological Anthropology}}. {{R}} Package Version 0.1.0.},
  author = {Eanes, Glean},
  year = {2015}
}

@article{dixon1951_RatiosInvolvingExtreme,
  title = {Ratios {{Involving Extreme Values}}},
  volume = {22},
  issn = {0003-4851, 2168-8990},
  language = {EN},
  number = {1},
  journal = {The Annals of Mathematical Statistics},
  doi = {10.1214/aoms/1177729693},
  author = {Dixon, W. J.},
  year = {1951},
  pages = {68-78}
}

@article{grubbs1950_SampleCriteriaTesting,
  title = {Sample {{Criteria}} for {{Testing Outlying Observations}}},
  volume = {21},
  issn = {0003-4851, 2168-8990},
  language = {EN},
  number = {1},
  journal = {The Annals of Mathematical Statistics},
  doi = {10.1214/aoms/1177729885},
  author = {Grubbs, Frank E.},
  year = {1950},
  pages = {27-58}
}

@misc{komsta2011_OutliersTestsOutliers,
  title = {Outliers: {{Tests}} for Outliers. {{R}} Package Version 0.14.},
  author = {Komsta, Lukasz},
  year = {2011}
}

@incollection{James2013,
  address = {{New York, NY}},
  title = {Classification},
  isbn = {978-1-4614-7138-7},
  booktitle = {An {{Introduction}} to {{Statistical Learning}}: With {{Applications}} in {{R}}},
  publisher = {{Springer}},
  author = {James, Gareth and Witten, Daniela and Hastie, Trevor and Tibshirani, Robert},
  year = {2013},
  pages = {127-173},
  doi = {10.1007/978-1-4614-7138-7_4}
}

@article{box1949_GeneralDistributionTheory,
  title = {A General Distribution Theory for a Class of Likelihood Criteria},
  volume = {36},
  issn = {0006-3444},
  language = {en},
  number = {3-4},
  journal = {Biometrika},
  doi = {10.1093/biomet/36.3-4.317},
  author = {Box, G. E. P.},
  year = {1949},
  pages = {317-346}
}

@article{schulte2012_MultiLanguageComputingEnvironment,
  title = {A {{Multi}}-{{Language Computing Environment}} for {{Literate Programming}} and {{Reproducible Research}}},
  volume = {46},
  copyright = {Copyright (c) 2010 Eric Schulte, Dan Davison, Thomas Dye, Carsten Dominik},
  issn = {1548-7660},
  language = {en},
  number = {1},
  journal = {Journal of Statistical Software},
  doi = {10.18637/jss.v046.i03},
  author = {Schulte, Eric and Davison, Dan and Dye, Thomas and Dominik, Carsten},
  year = {2012},
  pages = {1-24}
}

@article{livshits1993_MultivariateFluctuatingAsymmetry,
  title = {Multivariate Fluctuating Asymmetry in {{Israeli}} Adults},
  volume = {65},
  issn = {0018-7143},
  language = {eng},
  number = {4},
  journal = {Human Biology},
  author = {Livshits, G. and Smouse, P. E.},
  year = {1993},
  pages = {547-578},
  pmid = {8406406}
}

@article{dongen1999_StatisticalAnalysisFluctuating,
  title = {The Statistical Analysis of Fluctuating Asymmetry: {{REML}} Estimation of a Mixed Regression Model},
  volume = {12},
  issn = {1420-9101},
  shorttitle = {The Statistical Analysis of Fluctuating Asymmetry},
  language = {en},
  number = {1},
  journal = {Journal of Evolutionary Biology},
  doi = {10.1046/j.1420-9101.1999.00012.x},
  author = {Dongen, S. Van and Molenberghs and Matthysen},
  year = {1999},
  pages = {94-102}
}

@article{wiig2019_VariationNonmetricalSkull,
  title = {Variation in Non-Metrical Skull Traits of Polar Bears ({{Ursus}} Maritimus) and Relationships across {{East Greenland}} and Adjacent Subpopulations (1830\textendash{}2013)},
  volume = {42},
  issn = {1432-2056},
  language = {en},
  number = {3},
  journal = {Polar Biology},
  doi = {10.1007/s00300-018-2435-x},
  author = {Wiig, {\O}ystein and Henrichsen, Poul and Sj{\o}vold, Torstein and Born, Erik W. and Laidre, Kristin L. and Dietz, Rune and Sonne, Christian and Aars, Jon},
  year = {2019},
  pages = {461-474}
}

@incollection{sengupta2006_GeneralizedVariance,
  address = {{Hoboken, NJ, USA}},
  title = {Generalized {{Variance}}},
  isbn = {978-0-471-66719-3},
  language = {en},
  booktitle = {Encyclopedia of {{Statistical Sciences}}},
  publisher = {{John Wiley \& Sons, Inc.}},
  author = {Sen Gupta, Ashis},
  editor = {Kotz, Samuel and Read, Campbell B. and Balakrishnan, N. and Vidakovic, Brani and Johnson, Norman L.},
  year = {2006},
  pages = {ess6053.pub2},
  doi = {10.1002/0471667196.ess6053.pub2}
}

@incollection{wilks1960_MultidimensionalStatisticalScatter,
  address = {{Stanford, US-CA}},
  edition = {Stanford University Press},
  title = {Multidimensional {{Statistical Scatter}}},
  booktitle = {Contributions to {{Probability}} and {{Statistics}}},
  publisher = {{I. Olkin et al.}},
  author = {Wilks, Samuel},
  year = {1960},
  pages = {486-503}
}

@article{oja1983_DescriptiveStatisticsMultivariate,
  title = {Descriptive Statistics for Multivariate Distributions},
  volume = {1},
  issn = {0167-7152},
  number = {6},
  journal = {Statistics \& Probability Letters},
  doi = {10.1016/0167-7152(83)90054-8},
  author = {Oja, Hannu},
  year = {1983},
  pages = {327-332}
}

@article{leys2013_DetectingOutliersNot,
  title = {Detecting Outliers: {{Do}} Not Use Standard Deviation around the Mean, Use Absolute Deviation around the Median},
  volume = {49},
  issn = {0022-1031},
  shorttitle = {Detecting Outliers},
  number = {4},
  journal = {Journal of Experimental Social Psychology},
  doi = {10.1016/j.jesp.2013.03.013},
  author = {Leys, Christophe and Ley, Christophe and Klein, Olivier and Bernard, Philippe and Licata, Laurent},
  year = {2013},
  pages = {764-766}
}

@article{hubert2018_MinimumCovarianceDeterminant,
  title = {Minimum Covariance Determinant and Extensions},
  volume = {10},
  copyright = {\textcopyright{} 2017 The Authors. WIREs Computational Statistics published by Wiley Periodicals, Inc.},
  issn = {1939-0068},
  language = {en},
  number = {3},
  journal = {Wiley Interdisciplinary Reviews: Computational Statistics},
  doi = {10.1002/wics.1421},
  author = {Hubert, Mia and Debruyne, Michiel and Rousseeuw, Peter J.},
  year = {2018},
  pages = {e1421}
}

@article{rousseeuw1999_BagplotBivariateBoxplot,
  title = {The {{Bagplot}}: {{A Bivariate Boxplot}}},
  volume = {53},
  issn = {0003-1305},
  shorttitle = {The {{Bagplot}}},
  number = {4},
  journal = {The American Statistician},
  doi = {10.1080/00031305.1999.10474494},
  author = {Rousseeuw, Peter J. and Ruts, Ida and Tukey, John W.},
  year = {1999},
  pages = {382-387}
}

@book{rencher2012_MethodsMultivariateAnalysis,
  address = {{Hoboken, New Jersey}},
  edition = {Third Edition},
  series = {Wiley Series in Probability and Statistics},
  title = {Methods of Multivariate Analysis},
  isbn = {978-0-470-17896-6},
  lccn = {QA278 .R45 2012},
  language = {en},
  publisher = {{Wiley}},
  author = {Rencher, Alvin C. and Christensen, William F.},
  year = {2012}
}

@book{rencher2012_MethodsMultivariateAnalysisc,
  address = {{Hoboken, NJ, USA}},
  series = {Wiley {{Series}} in {{Probability}} and {{Statistics}}},
  title = {Methods of {{Multivariate Analysis}}: {{Rencher}}/{{Methods}}},
  isbn = {978-1-118-39168-6 978-0-470-17896-6},
  shorttitle = {Methods of {{Multivariate Analysis}}},
  publisher = {{John Wiley \& Sons, Inc.}},
  author = {Rencher, Alvin C. and Christensen, William F.},
  year = {2012},
  doi = {10.1002/9781118391686}
}

@incollection{2012_ClassificationAnalysisAllocationa,
  title = {Classification {{Analysis}}: {{Allocation}} of {{Observations}} to {{Groups}}},
  copyright = {Copyright \textcopyright{} 2012 John Wiley \& Sons, Inc. All rights reserved.},
  isbn = {978-1-118-39168-6},
  shorttitle = {Classification {{Analysis}}},
  language = {en},
  booktitle = {Methods of {{Multivariate Analysis}}},
  publisher = {{John Wiley \& Sons, Ltd}},
  year = {2012},
  pages = {309-337},
  doi = {10.1002/9781118391686.ch9}
}

@book{hamel2009_KnowledgeDiscoverySupporta,
  address = {{Hoboken, NJ, USA}},
  title = {Knowledge {{Discovery}} with {{Support Vector Machines}}},
  isbn = {978-0-470-50306-5 978-0-470-37192-3},
  language = {en},
  publisher = {{John Wiley \& Sons, Inc.}},
  author = {Hamel, Lutz},
  year = {2009},
  doi = {10.1002/9780470503065}
}

@article{campbell2011_LearningSupportVectora,
  title = {Learning with {{Support Vector Machines}}},
  volume = {5},
  issn = {1939-4608, 1939-4616},
  language = {en},
  number = {1},
  journal = {Synthesis Lectures on Artificial Intelligence and Machine Learning},
  doi = {10.2200/S00324ED1V01Y201102AIM010},
  author = {Campbell, Colin and Ying, Yiming},
  year = {2011},
  pages = {1-95}
}

@article{lubritto2017_NewDietaryEvidence,
  title = {New {{Dietary Evidence}} on {{Medieval Rural Communities}} of the {{Basque Country}} ({{Spain}}) and {{Its Surroundings}} from {{Carbon}} and {{Nitrogen Stable Isotope Analyses}}: {{Social Insights}}, {{Diachronic Changes}} and {{Geographic Comparison}}},
  volume = {27},
  copyright = {Copyright \textcopyright{} 2017 John Wiley \& Sons, Ltd.},
  issn = {1099-1212},
  shorttitle = {New {{Dietary Evidence}} on {{Medieval Rural Communities}} of the {{Basque Country}} ({{Spain}}) and {{Its Surroundings}} from {{Carbon}} and {{Nitrogen Stable Isotope Analyses}}},
  language = {en},
  number = {6},
  journal = {International Journal of Osteoarchaeology},
  doi = {10.1002/oa.2610},
  author = {Lubritto, C. and Garc{\'i}a-Collado, M. I. and Ricci, P. and Altieri, S. and Sirignano, C. and Castillo, J. A. Quir{\'o}s},
  year = {2017},
  pages = {984-1002}
}

@article{bergstrom_NutritionalImportanceInvertebrates,
  title = {The Nutritional Importance of Invertebrates to Female {{Cebus}} Capucinus Imitator in a Highly Seasonal Tropical Dry Forest},
  volume = {0},
  copyright = {\textcopyright{} 2019 Wiley Periodicals, Inc.},
  issn = {1096-8644},
  language = {en},
  number = {0},
  journal = {American Journal of Physical Anthropology},
  doi = {10.1002/ajpa.23913},
  author = {Bergstrom, Mackenzie L. and Hogan, Jeremy D. and Melin, Amanda D. and Fedigan, Linda M.}
}

@article{lightfoot2016_UseBiomineralOxygen,
  title = {On the {{Use}} of {{Biomineral Oxygen Isotope Data}} to {{Identify Human Migrants}} in the {{Archaeological Record}}: {{Intra}}-{{Sample Variation}}, {{Statistical Methods}} and {{Geographical Considerations}}},
  volume = {11},
  issn = {1932-6203},
  shorttitle = {On the {{Use}} of {{Biomineral Oxygen Isotope Data}} to {{Identify Human Migrants}} in the {{Archaeological Record}}},
  language = {en},
  number = {4},
  journal = {PLOS ONE},
  doi = {10.1371/journal.pone.0153850},
  author = {Lightfoot, Emma and O'Connell, Tamsin C.},
  year = {2016},
  pages = {e0153850}
}

@article{2018_PotteryHellenisticTradition,
  title = {Pottery in {{Hellenistic}} Tradition from Ancient {{Bactria}}: {{The Kurganzol}} Fortress ({{Uzbekistan}}, {{Central Asia}})},
  volume = {21},
  issn = {2352-409X},
  shorttitle = {Pottery in {{Hellenistic}} Tradition from Ancient {{Bactria}}},
  language = {en},
  journal = {Journal of Archaeological Science: Reports},
  doi = {10.1016/j.jasrep.2016.11.049},
  year = {2018},
  pages = {1044-1054}
}

@article{brusgaard2019_IsotopicPerspectiveSocioeconomic,
  title = {An Isotopic Perspective on the Socio-Economic Significance of Livestock in {{Bronze Age West}}-{{Frisia}}, the {{Netherlands}} (2000\textendash{}800 {{BCE}})},
  volume = {27},
  issn = {2352-409X},
  journal = {Journal of Archaeological Science: Reports},
  doi = {10.1016/j.jasrep.2019.101944},
  author = {Brusgaard, Nathalie {\O}. and Fokkens, Harry and Kootker, Lisette M.},
  year = {2019},
  pages = {101944}
}

@article{aguraiuja-latti2019_StableIsotopeEvidence,
  title = {Stable Isotope Evidence for Medieval Diet in Urban and Rural Northern {{Estonia}}},
  volume = {26},
  issn = {2352-409X},
  journal = {Journal of Archaeological Science: Reports},
  doi = {10.1016/j.jasrep.2019.101901},
  author = {{Aguraiuja-L{\"a}tti}, {\"U}lle and L{\~o}ugas, Lembi},
  year = {2019},
  pages = {101901}
}

@article{pickard2017_IsotopicEvidenceDietary,
  title = {Isotopic Evidence for Dietary Diversity at the Mediaeval {{Islamic}} Necropolis of {{Can Fonoll}} (10th to 13th Centuries {{CE}}), {{Ibiza}}, {{Spain}}},
  volume = {13},
  issn = {2352-409X},
  journal = {Journal of Archaeological Science: Reports},
  doi = {10.1016/j.jasrep.2017.03.027},
  author = {Pickard, Catriona and Girdwood, Laura-Kate and Kranioti, Elena and {M{\'a}rquez-Grant}, Nicholas and Richards, Michael P. and Fuller, Benjamin T.},
  year = {2017},
  pages = {1-10}
}

@incollection{2014_OutlierRejectionChauvenet,
  title = {Outlier {{Rejection}}, {{Chauvenet}}'s {{Criterion}}},
  copyright = {Copyright \textcopyright{} 2006 by John Wiley \& Sons, Inc. All rights reserved.},
  isbn = {978-1-118-44511-2},
  language = {en},
  booktitle = {Wiley {{StatsRef}}: {{Statistics Reference Online}}},
  publisher = {{American Cancer Society}},
  year = {2014},
  doi = {10.1002/9781118445112.stat01434}
}

@article{hampel1974_InfluenceCurveIts,
  title = {The {{Influence Curve}} and Its {{Role}} in {{Robust Estimation}}},
  volume = {69},
  issn = {0162-1459},
  number = {346},
  journal = {Journal of the American Statistical Association},
  doi = {10.1080/01621459.1974.10482962},
  author = {Hampel, Frank R.},
  year = {1974},
  pages = {383-393}
}

@article{rousseeuw1993_AlternativesMedianAbsolute,
  title = {Alternatives to the {{Median Absolute Deviation}}},
  volume = {88},
  issn = {0162-1459},
  number = {424},
  journal = {Journal of the American Statistical Association},
  doi = {10.1080/01621459.1993.10476408},
  author = {Rousseeuw, Peter J. and Croux, Christophe},
  year = {1993},
  pages = {1273-1283}
}

@article{harris1988_PrincipalComponentsAnalysis,
  title = {A Principal Components Analysis of Human Odontometrics},
  volume = {75},
  issn = {1096-8644},
  language = {en},
  number = {1},
  journal = {American Journal of Physical Anthropology},
  doi = {10.1002/ajpa.1330750110},
  author = {Harris, Edward F. and Bailit, Howard L.},
  year = {1988},
  pages = {87-99}
}

@article{mahoney2006_DentalMicrowearNatufian,
  title = {Dental Microwear from {{Natufian}} Hunter-Gatherers and Early {{Neolithic}} Farmers: {{Comparisons}} within and between Samples},
  volume = {130},
  copyright = {Copyright \textcopyright{} 2005 Wiley-Liss, Inc.},
  issn = {1096-8644},
  shorttitle = {Dental Microwear from {{Natufian}} Hunter-Gatherers and Early {{Neolithic}} Farmers},
  language = {en},
  number = {3},
  journal = {American Journal of Physical Anthropology},
  doi = {10.1002/ajpa.20311},
  author = {Mahoney, Patrick},
  year = {2006},
  pages = {308-319}
}

@article{algee-hewitt2016_PopulationInferenceContemporary,
  title = {Population Inference from Contemporary {{American}} Craniometrics},
  volume = {160},
  copyright = {\textcopyright{} 2016 Wiley Periodicals, Inc.},
  issn = {1096-8644},
  language = {en},
  number = {4},
  journal = {American Journal of Physical Anthropology},
  doi = {10.1002/ajpa.22959},
  author = {Algee-Hewitt, Bridget F. B.},
  year = {2016},
  pages = {604-624}
}

@article{webb2013_ExploringGeographicOrigins,
  title = {Exploring {{Geographic Origins}} at {{Cahuachi}} Using {{Stable Isotopic Analysis}} of {{Archaeological Human Tissues}} and {{Modern Environmental Waters}}},
  volume = {23},
  copyright = {Copyright \textcopyright{} 2011 John Wiley \& Sons, Ltd.},
  issn = {1099-1212},
  language = {en},
  number = {6},
  journal = {International Journal of Osteoarchaeology},
  doi = {10.1002/oa.1298},
  author = {Webb, Emily C. and White, Christine D. and Longstaffe, Fred J.},
  year = {2013},
  pages = {698-715}
}

@article{wright2005_IdentifyingImmigrantsTikal,
  title = {Identifying Immigrants to {{Tikal}}, {{Guatemala}}: {{Defining}} Local Variability in Strontium Isotope Ratios of Human Tooth Enamel},
  volume = {32},
  issn = {0305-4403},
  shorttitle = {Identifying Immigrants to {{Tikal}}, {{Guatemala}}},
  number = {4},
  journal = {Journal of Archaeological Science},
  doi = {10.1016/j.jas.2004.11.011},
  author = {Wright, Lori E.},
  year = {2005},
  pages = {555-566}
}

@article{kurin2016_BioarchaeologicalBiogeochemicalStudy,
  title = {A {{Bioarchaeological}} and {{Biogeochemical Study}} of {{Warfare}} and {{Mobility}} in {{Andahuaylas}}, {{Peru}} (ca. Ad 1160\textendash{}1260)},
  volume = {26},
  copyright = {Copyright \textcopyright{} 2014 John Wiley \& Sons, Ltd.},
  issn = {1099-1212},
  language = {en},
  number = {1},
  journal = {International Journal of Osteoarchaeology},
  doi = {10.1002/oa.2398},
  author = {Kurin, D. S. and Lofaro, E. M. and Choque, D. E. G{\'o}mez and Krigbaum, J.},
  year = {2016},
  pages = {93-103}
}

@article{dietmeier2018_OxenOxonHill,
  title = {The Oxen of {{Oxon Hill Manor}}: {{Pathological}} Analyses and Cattle Husbandry in Eighteenth-Century {{Maryland}}},
  volume = {28},
  copyright = {Copyright \textcopyright{} 2018 John Wiley \& Sons, Ltd.},
  issn = {1099-1212},
  shorttitle = {The Oxen of {{Oxon Hill Manor}}},
  language = {en},
  number = {4},
  journal = {International Journal of Osteoarchaeology},
  doi = {10.1002/oa.2667},
  author = {Dietmeier, Jenna Kay Carlson},
  year = {2018},
  pages = {419-427}
}

@article{king2015_UsingIsotopicEvidence,
  title = {Using Isotopic Evidence to Assess the Impact of Migration and the Two-Layer Hypothesis in Prehistoric {{Northeast Thailand}}},
  volume = {158},
  copyright = {\textcopyright{} 2015 Wiley Periodicals, Inc.},
  issn = {1096-8644},
  language = {en},
  number = {1},
  journal = {American Journal of Physical Anthropology},
  doi = {10.1002/ajpa.22772},
  author = {King, Charlotte L. and Tayles, Nancy and Higham, Charles and Strand-Vi{\dj}arsd{\'o}ttir, Una and Bentley, R. Alexander and Macpherson, Colin G. and Nowell, Geoff},
  year = {2015},
  pages = {141-150}
}

@article{santana-sagredo2015_IsotopicEvidenceDivergent,
  title = {Isotopic Evidence for Divergent Diets and Mobility Patterns in the {{Atacama Desert}}, Northern {{Chile}}, during the {{Late Intermediate Period}} ({{AD}} 900\textendash{}1450)},
  volume = {156},
  copyright = {\textcopyright{} 2014 Wiley Periodicals, Inc.},
  issn = {1096-8644},
  language = {en},
  number = {3},
  journal = {American Journal of Physical Anthropology},
  doi = {10.1002/ajpa.22663},
  author = {Santana-Sagredo, Francisca and Lee-Thorp, Julia A. and Schulting, Rick and Uribe, Mauricio},
  year = {2015},
  pages = {374-387}
}

@article{hakenbeck2010_DietMobilityEarly,
  title = {Diet and Mobility in {{Early Medieval Bavaria}}: {{A}} Study of Carbon and Nitrogen Stable Isotopes},
  volume = {143},
  copyright = {Copyright \textcopyright{} 2010 Wiley-Liss, Inc.},
  issn = {1096-8644},
  shorttitle = {Diet and Mobility in {{Early Medieval Bavaria}}},
  language = {en},
  number = {2},
  journal = {American Journal of Physical Anthropology},
  doi = {10.1002/ajpa.21309},
  author = {Hakenbeck, Susanne and McManus, Ellen and Geisler, Hans and Grupe, Gisela and O'Connell, Tamsin},
  year = {2010},
  pages = {235-249}
}

@article{lightfoot2014_WaterConsumptionIron,
  title = {Water Consumption in {{Iron Age}}, {{Roman}}, and {{Early Medieval Croatia}}},
  volume = {154},
  copyright = {\textcopyright{} 2014 Wiley Periodicals, Inc.},
  issn = {1096-8644},
  language = {en},
  number = {4},
  journal = {American Journal of Physical Anthropology},
  doi = {10.1002/ajpa.22544},
  author = {Lightfoot, E. and {\v S}laus, M. and O'Connell, T. C.},
  year = {2014},
  pages = {535-543}
}

@article{sciulli2016_IntracemeteryBiologicalVariation,
  title = {Intracemetery Biological Variation at the Fort Ancient Sunwatch Village},
  volume = {160},
  copyright = {\textcopyright{} 2016 Wiley Periodicals, Inc.},
  issn = {1096-8644},
  language = {en},
  number = {4},
  journal = {American Journal of Physical Anthropology},
  doi = {10.1002/ajpa.23001},
  author = {Sciulli, Paul W. and Cook, Robert A.},
  year = {2016},
  pages = {719-728}
}

@article{kendall2013_MobilityMortalityMiddle,
  title = {Mobility, Mortality, and the Middle Ages: {{Identification}} of Migrant Individuals in a 14th Century Black Death Cemetery Population},
  volume = {150},
  copyright = {Copyright \textcopyright{} 2012 Wiley Periodicals, Inc.},
  issn = {1096-8644},
  shorttitle = {Mobility, Mortality, and the Middle Ages},
  language = {en},
  number = {2},
  journal = {American Journal of Physical Anthropology},
  doi = {10.1002/ajpa.22194},
  author = {Kendall, E. J. and Montgomery, J. and Evans, J. A. and Stantis, C. and Mueller, V.},
  year = {2013},
  pages = {210-222}
}

@article{loftus2012_TechnicalNoteInterpreting,
  title = {Technical Note: {{Interpreting}} Stable Carbon Isotopes in Human Tooth Enamel: {{An}} Examination of Tissue Spacings from {{South Africa}}},
  volume = {147},
  copyright = {Copyright \textcopyright{} 2012 Wiley Periodicals, Inc.},
  issn = {1096-8644},
  shorttitle = {Technical Note},
  language = {en},
  number = {3},
  journal = {American Journal of Physical Anthropology},
  doi = {10.1002/ajpa.22012},
  author = {Loftus, Emma and Sealy, Judith},
  year = {2012},
  pages = {499-507}
}

@article{knudson2011_InvestigatingRegionalMobility,
  title = {Investigating Regional Mobility in the Southern Hinterland of the {{Wari}} Empire: {{Biogeochemistry}} at the Site of {{Beringa}}, {{Peru}}},
  volume = {145},
  copyright = {Copyright \textcopyright{} 2011 Wiley-Liss, Inc.},
  issn = {1096-8644},
  shorttitle = {Investigating Regional Mobility in the Southern Hinterland of the {{Wari}} Empire},
  language = {en},
  number = {2},
  journal = {American Journal of Physical Anthropology},
  doi = {10.1002/ajpa.21494},
  author = {Knudson, Kelly J. and Tung, Tiffiny A.},
  year = {2011},
  pages = {299-310}
}

@article{zlolniski_3DGeometricMorphometric,
  title = {{{3D}} Geometric Morphometric Analysis of Variation in the Human Lumbar Spine},
  volume = {0},
  copyright = {\textcopyright{} 2019 Wiley Periodicals, Inc.},
  issn = {1096-8644},
  language = {en},
  number = {0},
  journal = {American Journal of Physical Anthropology},
  doi = {10.1002/ajpa.23918},
  author = {Zlolniski, Stephanie Lois and Torres-Tamayo, Nicole and Garc{\'i}a-Mart{\'i}nez, Daniel and Blanco-P{\'e}rez, Esther and Mata-Escolano, Federico and Barash, Alon and Nalla, Shahed and Martelli, Sandra and Sanchis-Gimeno, Juan A. and Bastir, Markus}
}

@book{breiman1984_ClassificationRegressionTrees,
  title = {Classification and {{Regression Trees}}},
  isbn = {978-0-412-04841-8},
  language = {en},
  publisher = {{Taylor \& Francis}},
  author = {Breiman, Leo and Friedman, Jerome and Stone, Charles J. and Olshen, R. A.},
  year = {1984}
}

@article{cardini2019_SeeingDistinctGroups,
  title = {Seeing Distinct Groups Where There Are None: Spurious Patterns from between-Group {{PCA}}},
  copyright = {\textcopyright{} 2019, Posted by Cold Spring Harbor Laboratory. This pre-print is available under a Creative Commons License (Attribution 4.0 International), CC BY 4.0, as described at http://creativecommons.org/licenses/by/4.0/},
  shorttitle = {Seeing Distinct Groups Where There Are None},
  language = {en},
  journal = {bioRxiv},
  doi = {10.1101/706101},
  author = {Cardini, Andrea and O'Higgins, Paul and Rohlf, F. James},
  year = {2019},
  pages = {706101}
}

@article{boulesteix2005_NoteBetweengroupPCA,
  title = {A Note on Between-Group {{PCA}}},
  volume = {19},
  language = {en},
  number = {3},
  journal = {International Journal of Pure and Applied Mathematics},
  author = {Boulesteix, Anne-Laure},
  year = {2005},
  pages = {359-366}
}

@article{adams2019_PhylogeneticComparativeMethods,
  title = {Phylogenetic {{Comparative Methods}} and the {{Evolution}} of {{Multivariate Phenotypes}}},
  volume = {50},
  issn = {1543-592X, 1545-2069},
  language = {en},
  number = {1},
  journal = {Annual Review of Ecology, Evolution, and Systematics},
  doi = {10.1146/annurev-ecolsys-110218-024555},
  author = {Adams, Dean C. and Collyer, Michael L.},
  year = {2019},
  pages = {annurev-ecolsys-110218-024555}
}

@incollection{durrleman2012_TopologyPreservingAtlas,
  address = {{Berlin, Heidelberg}},
  title = {Topology {{Preserving Atlas Construction}} from {{Shape Data}} without {{Correspondence Using Sparse Parameters}}},
  volume = {7512},
  isbn = {978-3-642-33453-5 978-3-642-33454-2},
  language = {en},
  booktitle = {Medical {{Image Computing}} and {{Computer}}-{{Assisted Intervention}} \textendash{} {{MICCAI}} 2012},
  publisher = {{Springer Berlin Heidelberg}},
  author = {Durrleman, Stanley and Prastawa, Marcel and Korenberg, Julie R. and Joshi, Sarang and Trouv{\'e}, Alain and Gerig, Guido},
  editor = {Hutchison, David and Kanade, Takeo and Kittler, Josef and Kleinberg, Jon M. and Mattern, Friedemann and Mitchell, John C. and Naor, Moni and Nierstrasz, Oscar and Pandu Rangan, C. and Steffen, Bernhard and Sudan, Madhu and Terzopoulos, Demetri and Tygar, Doug and Vardi, Moshe Y. and Weikum, Gerhard and Ayache, Nicholas and Delingette, Herv{\'e} and Golland, Polina and Mori, Kensaku},
  year = {2012},
  pages = {223-230},
  doi = {10.1007/978-3-642-33454-2_28}
}

@article{durrleman2012_ComparisonEndocranialOntogenies,
  title = {Comparison of the Endocranial Ontogenies between Chimpanzees and Bonobos via Temporal Regression and Spatiotemporal Registration},
  volume = {62},
  issn = {00472484},
  language = {en},
  number = {1},
  journal = {Journal of Human Evolution},
  doi = {10.1016/j.jhevol.2011.10.004},
  author = {Durrleman, Stanley and Pennec, Xavier and Trouv{\'e}, Alain and Ayache, Nicholas and Braga, Jos{\'e}},
  year = {2012},
  pages = {74-88}
}

@article{durrleman_SupplementaryMaterialMICCAI,
  title = {Supplementary {{Material}} to the {{MICCAI}} 2012 Paper Entitled ``{{Topology Preserving Atlas Construction}} from {{Shape Data}} without {{Correspondence}} Using {{Sparse Parameters}}''},
  language = {en},
  author = {Durrleman, Stanley and Prastawa, Marcel and Korenberg, Julie R and Joshi, Sarang and Trouve, Alain and Gerig, Guido},
  pages = {6}
}

@article{durrleman2014_MorphometryAnatomicalShape,
  title = {Morphometry of Anatomical Shape Complexes with Dense Deformations and Sparse Parameters},
  volume = {101},
  issn = {10538119},
  language = {en},
  journal = {NeuroImage},
  doi = {10.1016/j.neuroimage.2014.06.043},
  author = {Durrleman, Stanley and Prastawa, Marcel and Charon, Nicolas and Korenberg, Julie R. and Joshi, Sarang and Gerig, Guido and Trouv{\'e}, Alain},
  year = {2014},
  pages = {35-49}
}

@article{todorov2009_ObjectOrientedFrameworkRobust,
  title = {An {{Object}}-{{Oriented Framework}} for {{Robust Multivariate Analysis}}},
  volume = {32},
  copyright = {Copyright (c) 2009 Valentin Todorov, Peter Filzmoser},
  issn = {1548-7660},
  language = {en},
  number = {1},
  journal = {Journal of Statistical Software},
  doi = {10.18637/jss.v032.i03},
  author = {Todorov, Valentin and Filzmoser, Peter},
  year = {2009},
  pages = {1-47}
}

@article{stynder2009_CraniometricEvidenceSouth,
  title = {Craniometric Evidence for {{South African Later Stone Age}} Herders and Hunter\textendash{}Gatherers Being a Single Biological Population},
  volume = {36},
  issn = {0305-4403},
  number = {3},
  journal = {Journal of Archaeological Science},
  doi = {10.1016/j.jas.2008.11.001},
  author = {Stynder, Deano D.},
  year = {2009},
  pages = {798-806}
}

@inproceedings{ester1996_DensitybasedAlgorithmDiscovering,
  title = {A Density-Based Algorithm for Discovering Clusters in Large Spatial Databases with Noise},
  publisher = {{AAAI Press}},
  author = {Ester, Martin and Kriegel, Hans-Peter and Sander, J{\"o}rg and Xu, Xiaowei},
  year = {1996},
  pages = {226--231}
}

@article{premo2004_LocalSpatialAutocorrelation,
  title = {Local Spatial Autocorrelation Statistics Quantify Multi-Scale Patterns in Distributional Data: An Example from the {{Maya Lowlands}}},
  volume = {31},
  issn = {0305-4403},
  shorttitle = {Local Spatial Autocorrelation Statistics Quantify Multi-Scale Patterns in Distributional Data},
  number = {7},
  journal = {Journal of Archaeological Science},
  doi = {10.1016/j.jas.2003.12.002},
  author = {Premo, L. S.},
  year = {2004},
  pages = {855-866}
}

@book{koenker2005_QuantileRegressionRoger,
  title = {Quantile {{Regression}} by {{Roger Koenker}}},
  language = {en},
  publisher = {{Cambridge University Press}},
  author = {Koenker, Roger},
  year = {2005},
  doi = {10.1017/CBO9780511754098}
}

@misc{klein2019_RoutliersRobustOutliers,
  title = {Routliers: {{Robust Outliers}}  {{Detection}}. {{R}} Package Version 0.0.0.3.},
  author = {Klein, Olivier and Delacre, Marie},
  year = {2019}
}

@article{beck_DonThrowBaby,
  title = {Don't Throw the Baby Teeth out with the Bathwater: {{Estimating}} Subadult Age Using Tooth Wear in Commingled Archaeological Assemblages},
  volume = {0},
  copyright = {\textcopyright{} 2019 John Wiley \& Sons, Ltd.},
  issn = {1099-1212},
  shorttitle = {Don't Throw the Baby Teeth out with the Bathwater},
  language = {en},
  number = {0},
  journal = {International Journal of Osteoarchaeology},
  doi = {10.1002/oa.2802},
  author = {Beck, Jess and Smith, B. Holly}
}

@article{kimber1990_ExploratoryDataAnalysis,
  title = {Exploratory {{Data Analysis}} for {{Possibly Censored Data From Skewed Distributions}}},
  volume = {39},
  issn = {0035-9254},
  number = {1},
  journal = {Journal of the Royal Statistical Society. Series C (Applied Statistics)},
  doi = {10.2307/2347808},
  author = {Kimber, A. C.},
  year = {1990},
  pages = {21-30}
}

@article{stanisic2015_EffectiveGitOrgMode,
  title = {An {{Effective Git And Org}}-{{Mode Based Workflow For Reproducible Research}}},
  volume = {49},
  issn = {0163-5980},
  number = {1},
  journal = {SIGOPS Oper. Syst. Rev.},
  doi = {10.1145/2723872.2723881},
  author = {Stanisic, Luka and Legrand, Arnaud and Danjean, Vincent},
  year = {2015},
  pages = {61--70}
}

@inproceedings{dorazio2017_OutlierDetectionRemarks,
  address = {{Bucharest, Romania}},
  title = {{{OutlierDetection}} in {{R}}: {{Some Remarks}}},
  booktitle = {5th {{International Conference}} ``{{New Challenges}} for {{Statistical Software}} \textendash{} {{The}} Use of {{R}} in {{Official Statistics}}''},
  author = {D'Orazio, Marcello},
  year = {2017}
}

@misc{dorazio2018_UnivOutlDetectionUnivariate,
  address = {{https://CRAN.R-project.org/package=univOutl}},
  title = {{{univOutl}}: {{Detection}} of {{Univariate Outliers}}. {{R}} Package Version 0.1-4.},
  author = {D'Orazio, Marcello},
  year = {2018}
}

@article{wan2014_EstimatingSampleMean,
  title = {Estimating the Sample Mean and Standard Deviation from the Sample Size, Median, Range and/or Interquartile Range},
  volume = {14},
  issn = {1471-2288},
  journal = {BMC Medical Research Methodology},
  doi = {10.1186/1471-2288-14-135},
  author = {Wan, Xiang and Wang, Wenqian and Liu, Jiming and Tong, Tiejun},
  year = {2014},
  pmid = {25524443},
  pmcid = {PMC4383202}
}

@article{hubert2008_AdjustedBoxplotSkewed,
  title = {An Adjusted Boxplot for Skewed Distributions},
  volume = {52},
  issn = {0167-9473},
  number = {12},
  journal = {Computational Statistics \& Data Analysis},
  doi = {10.1016/j.csda.2007.11.008},
  author = {Hubert, M. and Vandervieren, E.},
  year = {2008},
  pages = {5186-5201}
}

@article{leys2019_HowClassifyDetect,
  title = {How to {{Classify}}, {{Detect}}, and {{Manage Univariate}} and {{Multivariate Outliers}}, {{With Emphasis}} on {{Pre}}-{{Registration}}},
  volume = {32},
  copyright = {Authors who publish with this journal agree to the following terms:    Authors retain copyright and grant the journal right of first publication with the work simultaneously licensed under a  Creative Commons Attribution License  that allows others to share the work with an acknowledgement of the work's authorship and initial publication in this journal.  Authors are able to enter into separate, additional contractual arrangements for the non-exclusive distribution of the journal's published version of the work (e.g., post it to an institutional repository or publish it in a book), with an acknowledgement of its initial publication in this journal.  Authors are permitted and encouraged to post their work online (e.g., in institutional repositories or on their website) prior to and during the submission process, as it can lead to productive exchanges, as well as earlier and greater citation of published work (See  The Effect of Open Access ).  All third-party images reproduced on this journal are shared under Educational Fair Use. For more information on  Educational Fair Use , please see  this useful checklist prepared by Columbia University Libraries .   All copyright  of third-party content posted here for research purposes belongs to its original owners.  Unless otherwise stated all references to characters and comic art presented on this journal are \textcopyright, \textregistered{} or \texttrademark{} of their respective owners. No challenge to any owner's rights is intended or should be inferred.},
  issn = {2397-8570},
  language = {en},
  number = {1},
  journal = {International Review of Social Psychology},
  doi = {10.5334/irsp.289},
  author = {Leys, Christophe and Delacre, Marie and Mora, Youri L. and Lakens, Dani{\"e}l and Ley, Christophe},
  year = {2019},
  pages = {5}
}

@article{weiss2009_SexDifferencesHumeral,
  title = {Sex Differences in Humeral Bilateral Asymmetry in Two Hunter-Gatherer Populations: {{California Amerinds}} and {{British Columbian Amerinds}}},
  volume = {140},
  copyright = {Copyright \textcopyright{} 2009 Wiley-Liss, Inc.},
  issn = {1096-8644},
  shorttitle = {Sex Differences in Humeral Bilateral Asymmetry in Two Hunter-Gatherer Populations},
  language = {en},
  number = {1},
  journal = {American Journal of Physical Anthropology},
  doi = {10.1002/ajpa.21025},
  author = {Weiss, Elizabeth},
  year = {2009},
  pages = {19-24}
}

@article{auerbach2008_PatternsClavicularBilateral,
  title = {Patterns of Clavicular Bilateral Asymmetry in Relation to the Humerus: Variation among Humans},
  volume = {54},
  issn = {0047-2484},
  shorttitle = {Patterns of Clavicular Bilateral Asymmetry in Relation to the Humerus},
  number = {5},
  journal = {Journal of Human Evolution},
  doi = {10.1016/j.jhevol.2007.10.002},
  author = {Auerbach, Benjamin M. and Raxter, Michelle H.},
  year = {2008},
  pages = {663-674}
}

@article{brys2004_RobustMeasureSkewness,
  title = {A {{Robust Measure}} of {{Skewness}}},
  volume = {13},
  issn = {1061-8600},
  number = {4},
  journal = {Journal of Computational and Graphical Statistics},
  author = {Brys, G. and Hubert, M. and Struyf, A.},
  year = {2004},
  pages = {996-1017}
}

@misc{rcoreteam2019_LanguageEnvironmentStatistical,
  title = {R: {{A}} Language and Environment for Statistical Computing. {{R Foundation}} for {{Statistical Computing}}, {{Vienna}}, {{Austria}}.},
  author = {{R Core Team}},
  year = {2019}
}

@article{candes2011_RobustPrincipalComponent,
  title = {Robust {{Principal Component Analysis}}?},
  volume = {58},
  issn = {0004-5411},
  number = {3},
  journal = {J. ACM},
  doi = {10.1145/1970392.1970395},
  author = {Cand{\`e}s, Emmanuel J. and Li, Xiaodong and Ma, Yi and Wright, John},
  year = {2011},
  pages = {11:1--11:37}
}

@book{wilcox2012_IntroductionRobustEstimation,
  address = {{Amsterdam ; Boston}},
  edition = {3rd ed},
  series = {Statistical Modeling and Decision Science},
  title = {Introduction to Robust Estimation and Hypothesis Testing},
  isbn = {978-0-12-386983-8},
  lccn = {QA276.8 .W55 2012},
  publisher = {{Academic Press}},
  author = {Wilcox, Rand R.},
  year = {2012}
}

@article{graham2016_FluctuatingAsymmetryHuman,
  title = {Fluctuating {{Asymmetry}} of {{Human Populations}}: {{A Review}}},
  volume = {8},
  copyright = {http://creativecommons.org/licenses/by/3.0/},
  shorttitle = {Fluctuating {{Asymmetry}} of {{Human Populations}}},
  language = {en},
  number = {12},
  journal = {Symmetry},
  doi = {10.3390/sym8120154},
  author = {Graham, John H. and {\"O}zener, Bari{\c s}},
  year = {2016},
  pages = {154}
}


